3016 5310
516 408 580 444 DIBB
599 407 626 442 Β(
645 409 790 445 roarrrtcre
808 406 874 445 ΙΑΧ.
895 408 999 444 1108?ss-

735 1417 787 1481 27.

652 1614 859 1688 DIRAE

369 1804 432 1868 IN
471 1802 861 1872 PONTIFIOIS
898 1805 1146 1871 MAXIMI

468 1946 648 1996 romanaeque
667 1931 741 1982 illius
760 1932 909 1983 maiestatis
928 1930 1042 1983 hoatee¹.

291 2103 502 2169 Exstinotum
525 2105 581 2193 qui
606 2105 676 2172 vult
700 2128 804 2192 papae
828 2105 1013 2172 venerabile
1036 2129 1163 2192 nomen,

346 2210 571 2277 Obliviseatnr
593 2213 734 2277 nominis
758 2212 812 2277 ille
835 2215 895 2279 sui.

290 2318 361 2383 Nee
383 2330 475 2406 patre
497 2343 560 2406 quo
583 2320 722 2405 genitus,
747 2341 807 2384 nee
830 2342 894 2407 qua
919 2320 960 2384 sit
984 2330 1087 2385 matre
1111 2331 1247 2404 oreatus,
1285 2360 1288 2365 -

344 2425 473 2510 Dicere,
496 2446 557 2490 nee
580 2448 645 2512 qua
668 2427 709 2489 sit
733 2436 830 2491 natus
852 2427 886 2490 in
912 2426 1000 2511 urbe,
1024 2437 1128 2513 queat.

230 2551 257 2593 o.
291 2530 463 2597 Humanae
486 2531 606 2597 oblitus
630 2543 773 2617 naturae,
797 2533 880 2598 lueis
904 2543 1030 2598 amatae

343 2638 477 2704 Nesciat
500 2649 640 2724 exortus,
665 2641 788 2705 neseiat
812 2640 990 2705 oeoubitus.

291 2745 431 2831 Ignoret,
454 2746 510 2833 qui
534 2747 584 2831 sit
607 2756 766 2811 terrarum
790 2746 908 2811 oblitus
932 2757 964 2811 et
987 2746 1126 2831 aethrae,

345 2852 550 2940 Ignoretque,
572 2864 664 2919 tener
686 2855 727 2917 sit
749 2876 831 2940 puer
853 2876 937 2918 anne
961 2876 1070 2918 senex.

291 2958 431 3043 Ignoret‚
455 2983 521 3024 nox
545 2983 629 3025 anne
653 2960 732 3045 dies,
755 2981 899 3046 quasque
923 2960 1148 3045 incolatum,

209 3087 256 3128 ro.
341 3065 467 3130 Ineolat
489 3088 531 3129 an
555 3076 666 3151 terras,
689 3065 809 3130 incolat
833 3089 917 3130 anne
942 3067 1055 3131 salum.

289 3171 439 3236 Dormiat
463 3196 505 3237 an
528 3173 651 3260 vigilet,
676 3184 828 3239 cernatne
852 3196 894 3237 an
918 3195 1035 3238 oaeeus
1059 3175 1193 3260 oberret,

342 3278 412 3344 Nee
437 3279 500 3343 fari
522 3281 632 3365 possit,
654 3303 716 3345 neo
739 3281 821 3345 seiat
843 3280 898 3344 ille
922 3281 1008 3344 satis.

288 3385 363 3449 Non
386 3385 501 3471 vigilet
524 3385 656 3453 duleive
680 3386 814 3452 inclinet
837 3387 961 3451 lumina
985 3410 1106 3473 somne,

342 3494 412 3559 Neo
435 3496 548 3580 iaeeat‚
573 3517 633 3560 nee
657 3505 727 3578 stet,
750 3517 810 3560 neo
834 3505 942 3559 tamen
966 3494 1021 3560 ille
1045 3495 1149 3560 cubet.

182 3622 389 3629 .-.————.

290 3671 415 3723 ¹Exstat
434 3672 484 3725 hoc
503 3690 610 3725 carmen
630 3690 710 3724 manu
730 3675 860 3739 scriptum
885 3673 912 3723 in
939 3671 1024 3723 tribus
1044 3672 1194 3723 codicibus:
1221 3675 1249 3723 in
1269 3692 1327 3725 eor-

183 3760 286 3812 nioonsi
305 3762 359 3828 (pg.
379 3760 432 3813 265
450 3764 524 3829 uqa),
543 3763 572 3812 in
591 3763 721 3812 ossolineo
741 3761 793 3828 lpg.
812 3761 864 3815 149
877 3762 943 3829 sqq.)
963 3768 990 3812 et
1010 3762 1037 3811 in
1051 3762 1142 3813 codice
1154 3763 1327 3813 miscellaneo

182 3848 363 3900 bibliothecae
382 3866 525 3901 caesareae
543 3852 757 3916 petrepolitanae
775 3851 881 3915 (ebttrta
900 3851 952 3918 26).
979 3854 1010 3901 ln
1029 3851 1075 3901 illo
1095 3850 1185 3902 codiee
1205 3858 1328 3915 petropo-

182 3938 266 3987 litano
284 3937 325 3987 ita
343 3938 509 3990 inscribitur:
532 3941 629 4003 „Dirae
648 3956 695 4005 pro
711 3940 916 4005 Polyhymnia“‚
935 3941 1030 3990 deinde
1043 3941 1128 4006 primo
1141 3955 1220 3989 versu
1233 3941 1326 4003 legau-

182 4035 223 4076 tar
251 4027 326 4077 haec:
357 4029 542 4091 „Exstineturn
568 4030 612 4094 qui
638 4031 696 4079 vult
715 4038 841 4092 vestrum,
868 4030 1054 4094 Polyhymnia,
1080 4033 1201 4079 nomen“.
1230 4029 1327 4079 Cetera

182 4116 352 4166 consentiunt
371 4133 432 4167 eum
451 4118 501 4169 hoc
521 4125 603 4179 textu,
629 4135 707 4184 quern
733 4119 766 4167 ad
786 4120 890 4169 codices
912 4119 1096 4170 cornicensem
1120 4126 1147 4168 et
1165 4117 1326 4168 ossolineum

181 4206 300 4269 exhibui,
319 4213 425 4270 praeter
443 4222 469 4258 v.
484 4205 543 4259 159.
564 4208 615 4257 Sed
633 4207 733 4258 codicis
746 4206 934 4272 petropolitani
951 4208 1105 4257 memoriam
1119 4207 1215 4273 sprevi,
1235 4214 1327 4271 utpote

181 4296 234 4344 iam
254 4296 306 4346 hae
325 4311 354 4345 re
373 4303 533 4360 suspectam,
552 4297 622 4361 quod
640 4296 706 4345 illud
728 4299 877 4358 „vestrum”
899 4296 977 4360 primi
997 4312 1090 4347 versus
1110 4296 1144 4346 ad
1162 4295 1326 4361 singularem

181 4399 320 4434 nnmerum
340 4384 550 4450 „Polyhymnia”
572 4404 624 4436 non
644 4386 764 4451 quadrat.
785 4386 936 4436 Genninnm
956 4391 1060 4434 textum
1075 4401 1170 4435 manus
1187 4384 1326 4435 cniusdam

182 4473 243 4525 lidei
262 4473 412 4525 catholicae
431 4475 534 4526 inimici
552 4483 671 4525 mutasse
689 4476 802 4525 videtur.
823 4475 898 4524 Cous.
918 4489 942 4522 v.
965 4472 1001 4526 89
1019 4490 1074 4538 sqq.
