3016 5310
641 400 719 434 rernr
736 399 825 434 norm
888 374 899 397 ⁸

325 593 443 678 Huius,
466 615 564 680 seque
586 593 653 658 illis
675 615 890 659 annumerare
911 594 1012 659 iuvet.

271 700 345 766 Hoc
368 701 513 765 sonitore
535 712 631 787 σοφῶς
652 700 781 766 fuerent
804 710 861 766 tue
882 700 1021 788 prandia
1043 701 1198 788 praesul?

323 808 399 892 Dic,
423 806 479 872 ubi
503 829 591 873 nune
614 806 742 873 eaelum
764 805 929 894 digneque
951 807 1053 874 verbe
1074 807 1156 873 Deo.

270 914 336 979 Dic
359 914 425 999 ubi,
448 936 539 979 nunc
560 914 678 1000 Moses,
701 912 758 978 ubi
780 912 871 979 eaelo
893 924 1006 1000 gratus
1029 914 1166 979 Aaron?

168 1044 236 1086 1⁸20.
323 1021 425 1086 Lecta
449 1019 504 1085 ubi
528 1019 702 1086 caelicolae
725 1029 833 1086 cetere
854 1021 952 1086 turbe
974 1020 1103 1086 Petris?

270 1126 454 1213 Theologus
476 1126 553 1192 hinc
576 1126 740 1213 illincque,
767 1126 845 1192 boni
868 1126 1036 1192 consultus
1059 1138 1091 1193 et
1113 1128 1221 1214 aequi,

323 1231 506 1320 Complevit
527 1256 666 1317 menses,
688 1232 785 1298 turbe
808 1233 937 1318 diserte,
960 1234 1056 1299 tues?

270 1338 391 1404 Ebrius
414 1338 491 1404 hinc
514 1339 670 1426 illincque
691 1363 795 1405 vorax
819 1340 968 1430 Harpyia
991 1338 1169 1407 Oeleenoz¹

324 1446 417 1511 Haec
441 1446 580 1534 complet
602 1469 741 1532 mensas,
762 1446 859 1512 turbe
881 1446 988 1512 solnta
999 1451 1019 1533 ²,
1042 1450 1129 1511 tues!

169 1574 236 1616 res.
270 1552 314 1616 Et
336 1551 411 1617 leno
432 1551 510 1618 hine
532 1552 688 1639 illincque
711 1552 826 1618 domus
849 1554 1001 1619 decoctor
1023 1554 1143 1637 evites,

323 1657 487 1725 (leodibus
509 1659 648 1745 insignis
671 1659 768 1724 turbe
790 1671 822 1726 et
845 1659 1026 1725 edulteriisl

270 1764 392 1830 Sancte
416 1765 561 1830 fefellisti
581 1764 744 1830 Diuorum
767 1766 910 1851 numine,
933 1765 1087 1851 mendax,

322 1872 431 1957 Atque
453 1870 622 1936 hominum
644 1871 752 1958 pulsat
774 1872 860 1937 iuste
882 1872 1015 1959 querela
1038 1873 1136 1938 Deos.

269 1977 313 2041 Ni
335 1987 480 2064 praestes
503 1978 600 2063 dictu,
631 1988 687 2042 eut
709 1979 902 2065 mitramque
931 1978 1116 2065 pedumque
1140 1978 1314 2066 relinquis,

167 2106 235 2149 1eo.
322 2084 427 2149 Iratos
452 2083 599 2150 homines
622 2085 761 2150 senseris
783 2096 880 2172 etque
902 2085 1000 2149 Deos.

273 2367 280 2396 ¹
301 2384 362 2418 mss.
385 2368 496 2434 „Arpijn
516 2368 639 2419 Celeno“.

271 2455 281 2484 ²
300 2473 348 2507 ms.
371 2456 492 2520 „solita“.
