3016 5310
543 459 699 493 PMBFATW.

228 702 276 760 nr.
306 703 351 761 De
371 702 480 773 Royan
501 701 643 776 ingenio,
663 702 808 762 moribus
827 703 1015 775 habituque.

157 864 208 930 De
231 864 349 954 Royzii
370 866 502 952 ingenio
524 864 742 952 moribusque,
767 886 842 930 cum
866 867 930 929 iam
955 889 1054 953 supra
1070 866 1199 932 idoneis

71 967 133 1034 locis
154 973 341 1055 memoravi,
364 983 434 1038 tum
457 970 613 1037 hocloco
636 971 788 1036 addenda
810 972 970 1058 quaedam
993 984 1024 1038 et
1048 972 1090 1037 ad
1107 995 1198 1038 com-

68 1098 180 1142 munem
203 1078 363 1144 rationem
379 1078 565 1144 revocanda
581 1078 743 1162 videntur,
767 1087 802 1143 ut
818 1079 897 1143 viva
920 1078 1067 1145 defuncti
1087 1080 1200 1167 imago

67 1183 286 1270 quadamtenus
309 1186 448 1250 excitari
471 1186 582 1272 possit.
619 1185 701 1249 Erat
724 1197 854 1270 natura,
884 1196 993 1273 utpote
1017 1185 1198 1274 Hispanae,

66 1291 157 1355 animo
180 1289 293 1357 mobili
316 1302 415 1380 atque
436 1291 601 1377 irritabili,
625 1291 682 1357 sed
706 1291 847 1357 candido
870 1292 1119 1379 liberaliumque
1142 1315 1198 1358 ar·

64 1397 140 1481 ium,
162 1397 239 1463 boni
263 1400 423 1487 aequique
446 1399 599 1465 studioso.
622 1400 675 1465 Ex
699 1400 813 1487 patria,
837 1400 894 1466 ubi
917 1401 1093 1465 auctoritas
1113 1395 1197 1488 pon·

64 1502 146 1569 tilois
168 1506 305 1570 maximi
328 1507 487 1593 regisque,
511 1506 613 1571 altero
637 1505 776 1572 alterum
800 1506 984 1591 adiuvante,
1015 1505 1196 1593 plurimum

63 1608 199 1696 pollebat,
222 1613 342 1699 quique
365 1625 434 1677 tum
457 1613 630 1700 regnabat,
662 1613 809 1700 Carolus,
833 1614 1009 1700 imperator
1030 1636 1197 1698 romanus,

63 1735 114 1781 uon
136 1716 242 1782 solum
270 1720 409 1805 nomine,
441 1719 499 1785 sed
530 1722 628 1785 etiam
659 1720 793 1786 ditionis
823 1719 1037 1808 amplitudine
1068 1721 1196 1807 antiqui

63 1826 173 1889 romani
196 1826 325 1912 imperii
344 1827 521 1914 potentiam
537 1827 805 1914 splendoremque
822 1849 996 1894 renovasse
1011 1826 1197 1911 videbatur,

64 1931 199 2016 pietatem
223 1934 504 2020 reverentiamque
527 1956 607 2020 erga
634 1946 804 2021 utramque
827 1945 1016 2023 potestatam
1047 1934 1197 2023 Royzius

63 2035 89 2099 in
114 2038 242 2103 Italiam
267 2038 399 2105 allatam
431 2041 541 2128 ibique
569 2041 793 2106 confirmatam
824 2041 866 2105 ad
897 2040 1034 2105 Polonoa
1065 2040 1196 2105 adtulit.

63 2140 255 2233 Quamquam
277 2147 380 2233 igitur
402 2169 477 2212 cum
500 2148 789 2234 praestantissimis
820 2149 854 2212 in
885 2147 1018 2213 Polouia
1042 2146 1118 2212 fidei
1142 2169 1194 2212 re-

63 2247 288 2339 formatoribus,
304 2253 439 2320 Andrea
450 2253 605 2339 TricesiO,
621 2255 730 2320 Fricio
746 2254 923 2340 Modrevio,
940 2253 1075 2321 Nicolao
1091 2255 1196 2344 Reyo,

62 2356 179 2424 ludrea
202 2359 352 2445 Wolano,
375 2360 499 2426 Ioanne
521 2361 673 2448 Maciuio,
696 2363 880 2428 studiorum
903 2363 1087 2447 artiumque
1109 2360 1194 2426 libe·

62 2462 163 2530 ralium
188 2467 417 2533 communione
439 2477 575 2554 tractus,
598 2470 761 2535 amicitiae
784 2468 927 2535 vinculis
950 2478 1021 2534 erat
1036 2469 1194 2534 coniunc·
1262 2464 1265 2468 ’

61 2580 109 2656 tus,
129 2572 342 2638 nihilominus
365 2583 474 2640 tamen
498 2576 531 2639 in
556 2576 612 2659 eis,
635 2599 718 2663 quae
742 2578 863 2664 scripta
879 2575 1018 2663 reliquit,
1042 2587 1073 2640 et
1088 2597 1195 2662 papae

60 2688 85 2741 et
103 2681 226 2745 caesari
250 2680 336 2746 fidus
360 2680 554 2768 deditusque
578 2684 746 2770 reperitur.
770 2683 810 2747 In
826 2682 996 2748 novandae
1012 2682 1099 2748 enim
1114 2681 1192 2747 fidei

58 2785 154 2851 studia
183 2788 306 2875 passim
337 2787 514 2873 invehitur,
552 2789 594 2853 ad
625 2789 737 2855 eadem
770 2790 950 2856 coercenda
983 2788 1196 2876 pontificibus

57 2895 190 2959 romanis
212 2895 265 2958 ius
289 2893 392 2981 gladii
415 2896 577 2981 concedit,
601 2898 857 2983 inquisitionem,
880 2919 978 2984 quarn
1001 2907 1133 2981 vocant,
1156 2897 1193 2960 in

56 2996 207 3088 Hispania
227 3003 403 3088 vigentem,
420 3005 617 3090 comprobat,
633 3004 741 3072 Caroli
758 3004 790 3068 V
805 3003 936 3069 fortuna
952 3003 1070 3069 bellica
1090 3026 1193 3090 aeque

52 3125 86 3171 ae
113 3107 366 3174 reformatorum
397 3109 547 3176 cladibus
578 3110 731 3197 laetatur,
770 3134 933 3177 caesarem
969 3111 1012 3175 de
1043 3110 1195 3176 hostibus

51 3213 216 3280 victoriam
247 3227 488 3303 reportaturum
514 3218 714 3283 vaticinatur
744 3218 1047 3304 reformationisque
1077 3215 1194 3281 turbas

51 3333 132 3387 certe
155 3322 199 3386 ad
222 3324 400 3409 genuinam
423 3323 520 3388 fidem
545 3324 782 3389 emendandam
804 3335 900 3411 atque
916 3322 1191 3389 corroborandam

48 3427 220 3494 collaturas
245 3428 411 3495 contendit
441 3430 498 3515 (II,
522 3432 587 3496 303
611 3453 669 3518 sq.;
704 3432 769 3496 325
794 3455 852 3518 sq.3
883 3433 962 3512 3363
994 3430 1194 3510 337-3433

48 3534 122 3618 3463
147 3537 227 3618 3533
251 3537 442 3618 354-3563
464 3537 576 3603 Dacis.
592 3537 705 3603 lituan.
721 3538 779 3623 IV,
797 3540 874 3620 2523
892 3538 1003 3622 1‚263
1020 3561 1086 3624 sqq.
1103 3536 1191 3618 alia).

47 3639 156 3730 Neque
187 3644 215 3707 si
247 3655 361 3709 contra
391 3643 530 3709 Paulum
559 3645 609 3710 IV
639 3645 825 3733 pontificem
855 3645 978 3730 aliquot
1008 3642 1194 3709 versiculos

46 3750 179 3816 acerbos
203 3751 412 3838 conscripsit,
443 3751 517 3817 ideo
540 3752 720 3817 descivisse
751 3775 771 3816 a
802 3774 835 3817 se
866 3762 915 3815 est
942 3749 1194 3834 existimandus,

47 3856 265 3922 revocandum
287 3859 374 3922 enim
398 3868 449 3924 est
463 3858 544 3922 illud
562 3859 604 3923 ad
622 3859 804 3945 singulares
820 3859 969 3942 rationes,
992 3880 1073 3944 quas
1090 3880 1193 3944 supra

48 3962 188 4030 intertia
205 3964 303 4029 huius
320 3963 557 4030 dissertationis
573 3976 665 4052 parte
681 3969 748 4053 (pg.
759 3966 859 4048 XXI)
875 3966 1020 4052 exposui.
1036 3966 1189 4032 Ceterum

49 4069 113 4158 ipsa
120 4070 305 4138 litterarum
315 4072 519 4158 antiquarum
532 4073 820 4158 studiaoommuni
829 4072 969 4159 quodam
977 4072 1193 4137 humanitatis

49 4173 239 4267 linguaeque
262 4177 394 4244 vinculo
418 4178 567 4244 diversas
590 4180 738 4244 nationes
758 4180 989 4263 consociantia,
1013 4179 1191 4267 imprimis-

50 4304 105 4369 que
126 4286 178 4350 ius
202 4308 384 4370 romanum,
407 4287 583 4374 praecipua
605 4286 721 4376 Royzii
746 4309 833 4370 cura,
858 4286 900 4351 ad
924 4288 1064 4374 speciem
1089 4287 1192 4351 maie-

52 4393 136 4456 statis
157 4393 286 4457 romani
308 4393 437 4481 imperii
461 4393 570 4458 animo
593 4393 846 4480 amplexandam
870 4417 945 4458 eum
969 4392 1190 4480 impellebant.

52 4494 103 4561 Ius
123 4499 209 4564 enim
232 4520 405 4564 romanum
428 4500 516 4587 apud
546 4523 620 4565 eum
652 4523 716 4565 non
749 4500 853 4566 solum
884 4501 970 4566 idem
995 4510 1043 4566 est
1073 4521 1113 4565 ac
1135 4500 1192 4565 ius
