3016 5310
500 415 583 450 nunu
601 416 629 451 ut
647 415 790 452 ronmrcrs
809 415 873 450 nux.
894 415 998 451 uosrns.
1257 401 1328 464 ἓϋΐ

302 486 656 506 -ξ--ᾈ---
697 500 710 504 -.
721 500 726 504 .
751 499 829 505 ..—
871 499 887 504 -
901 498 987 505 ...—
998 488 1075 506 ...ss-
1089 489 1146 506 :—

343 610 501 697 „Nostral
520 608 612 696 haec,
634 632 700 676 non
722 620 852 677 nostrae
873 610 947 677 iura
969 612 1087 677 sororis
1109 610 1232 677 erant“.

203 740 249 782 ·:›.
286 718 437 805 Imponat
458 718 559 783 tantis
580 717 742 804 finemque
764 716 961 805 modumque
983 717 1123 805 querelis

190 2340 252 2383 lau.

340 824 534 911 Tergemino
556 825 670 910 nigrae
692 825 810 889 ianitor
831 846 887 889 ore
909 824 1034 909 domus,

286 931 481 1018 Ingentique
504 941 601 996 canat
622 931 724 995 tristis
747 954 834 996 nova
856 930 978 1016 gaudia
999 930 1076 997 lecti

340 1038 490 1120 Latratu3
512 1037 548 1102 hi
571 1038 672 1104 vestri
694 1039 768 1123 sint,
791 1037 980 1128 hymenaee,
1003 1037 1103 1104 chori.

286 1143 436 1231 Orpheus
458 1143 536 1211 inde
558 1145 680 1232 procul,
702 1144 816 1232 procul
839 1145 916 1210 inde
939 1167 1078 1210 canorus
1101 1144 1205 1210 Arion

245 1302 253 1315 .
341 1252 450 1338 Atque
471 1251 676 1339 amphioniae
698 1252 821 1338 plectra
843 1252 964 1317 diserta
986 1250 1087 1342 lyrae.

286 1358 350 1422 Pro
372 1357 492 1445 quibus
512 1358 684 1424 horrificus
708 1359 800 1425 ferali
824 1360 969 1426 carmine
990 1358 1088 1443 bubo,

339 1464 436 1531 Inflet
457 1466 648 1531 stridentem
670 1476 765 1532 nocte
789 1466 902 1533 silente
925 1465 1047 1531 tubam

286 1572 414 1637 Noctua
435 1572 580 1638 luctifico
602 1573 794 1660 respondeat
817 1572 929 1638 abdita
952 1583 1059 1658 cantu,

339 1678 542 1769 Nycticorax
565 1701 663 1745 voces
685 1680 760 1745 edat
783 1681 907 1766 etipse
930 1700 1014 1744 suas.

244 1837 251 1850 .
287 1785 526 1874 Nocturnisque
549 1808 648 1852 canes
671 1786 849 1853 ululatibus
872 1808 948 1851 aera
969 1785 1109 1872 pulsent,

340 1893 489 1980 Lugubri
512 1904 544 1960 et
566 1894 721 1981 quicquid
744 1904 875 1981 gutture
897 1895 988 1959 triste
1012 1903 1113 1958 sonat.

286 1999 416 2066 Involet
437 2001 472 2065 in
495 2023 625 2067 mensae
648 2002 732 2066 tristi
755 2001 949 2067 scarabaeus
972 1999 1082 2065 odore:

340 2106 431 2186 Quas
453 2108 558 2174 volvit
580 2107 727 2194 pedibus,
750 2109 867 2174 inferat
891 2107 945 2172 ille
968 2107 1077 2194 dapes.

287 2211 329 2279 Se
352 2214 491 2281 occultet
515 2214 572 2299 sol,
595 2237 636 2281 ne
660 2215 800 2280 conubia
822 2215 901 2280 talia
924 2224 1045 2298 cernat,

338 2319 466 2408 Pruque
488 2321 545 2387 illo
567 2321 706 2388 reddant
730 2322 855 2386 sulfura
877 2331 961 2386 tetra
983 2320 1079 2386 diem.

284 2426 386 2492 Nulla
407 2429 500 2516 quies
521 2428 677 2495 thalamo:
701 2430 856 2494 cimicum
878 2429 959 2494 dens
982 2428 1075 2494 rodat
1097 2428 1252 2512 eundem,

336 2534 434 2601 Illius
455 2535 602 2621 pulicum
624 2559 690 2601 non
714 2537 792 2600 satis
814 2537 863 2601 ira
885 2547 955 2600 toro
977 2546 1033 2602 est.

285 2641 472 2707 insomnem
495 2652 590 2729 cogat
612 2652 713 2707 totam
735 2641 906 2708 traducere
929 2653 1057 2708 noctem

338 2747 504 2815 Plurimus
528 2749 654 2834 infesto,
677 2772 776 2837 quam
798 2749 894 2834 valet,
917 2772 972 2815 ore
995 2750 1101 2816 culex.

205 2877 250 2919 aa.
285 2854 523 2943 Tisiphoneque
545 2859 607 2922 tori
630 2857 781 2922 dextram
803 2856 981 2943 Alectoque
1005 2857 1169 2921 sinistram

339 2960 500 3050 Occupet3
522 2961 610 3029 sslius
634 2965 682 3028 sic
703 2963 904 3053 hymenaeus
927 2973 988 3028 eat.

287 3069 455 3136 Insomnes
477 3071 615 3156 Aurora,
636 3081 728 3136 satus
750 3082 841 3158 patre
865 3070 1037 3135 Phoebus2
1059 3069 1181 3153 eodem,

339 3175 508 3241 Insomnes
530 3176 640 3242 iubeat
663 3198 789 3263 semper
811 3177 931 3243 habere
954 3177 1032 3242 dies.

286 3283 413 3368 Lapsus
436 3294 543 3349 mente
565 3283 678 3370 lupum
702 3304 791 3349 nunc
813 3307 856 3369 se,
880 3307 967 3349 nuno
991 3307 1025 3348 se
1048 3306 1118 3349 esse
1141 3283 1282 3366 leonem,

244 3440 251 3453 .
337 3390 556 3456 Dentatamve
580 3392 678 3456 aliam
702 3416 736 3456 se
760 3402 849 3478 putet
873 3414 943 3456 esse
965 3391 1082 3472 foram3

285 3496 382 3563 Nunc
406 3496 468 3562 sibi
490 3498 630 3563 ridiculo
654 3497 805 3563 videatur
829 3499 922 3561 simia
945 3498 1039 3582 rictu,

338 3604 407 3668 Aut
430 3604 458 3668 si
481 3628 544 3691 qua
566 3603 629 3670 hac
653 3606 801 3668 animans
826 3603 950 3669 foedior
971 3627 1041 3668 csse
1064 3611 1176 3690 potest.

287 3710 364 3775 Mox
387 3710 492 3797 rudet,
516 3711 639 3776 factum
664 3712 742 3775 dum
767 3735 836 3777 sese
860 3712 963 3776 crodit
987 3709 1131 3793 asellum,

339 3817 418 3881 Mox
441 3817 544 3903 latret,
569 3841 638 3884 sese
662 3819 739 3882 dum
763 3829 855 3905 putat
878 3841 948 3882 esse
972 3839 1095 3882 canem.

205 3945 249 3987 ·.·1.
285 3922 461 3988 Brutorum
483 3934 650 4012 tamquam
673 3926 793 3990 formas
817 3926 985 3989 transisset
1008 3925 1042 3986 in
1066 3945 1186 4006 omnes,

339 4029 382 4096 Se
404 4042 500 4117 neget
523 4054 593 4097 esso
616 4033 732 4117 virum,
757 4056 790 4095 so
814 4043 903 4119 putet
926 4053 997 4096 esee
1021 4030 1133 4095 ferum.

286 4134 479 4225 Oblitusque
502 4139 552 4202 sui
576 4139 727 4203 manibus
749 4138 949 4225 pedibusque
973 4160 1030 4224 per
1054 4137 1151 4201 udam

288 4297 296 4328 ¹
316 4299 387 4349 msti.
409 4304 559 4362 „nostrao“.

287 4386 404 4439 'Solem
429 4386 514 4456 (ἥλιον)
538 4390 674 4456 designat,
700 4390 745 4454 qui
770 4405 854 4454 acque
880 4404 912 4438 ac
938 4390 1049 4452 Aurora,
1076 4389 1235 4452 Hyperionis
1262 4405 1324 4452 pro-

181 4473 218 4527 les
237 4484 305 4528 erat.
