3016 5310
523 482 558 515 na
577 480 718 517 arranrru
735 481 890 518 suerranum
908 483 965 518 arc.
1277 460 1326 528 37,

192 560 370 570 ἣ--ώ
382 562 631 569 .....-.....--.—.
640 565 646 570 .
671 564 743 569 --.
759 564 846 569 --.-
859 560 1316 570 -—-—.——.—-.——-—-——

282 676 432 740 Aseensu
454 685 586 761 superat
610 697 742 740 eurrum
765 674 975 762 Balioemque
996 676 1159 763 relinquit.
1219 726 1223 733 .

283 783 324 846 Et
347 804 389 846 ne
411 804 471 848 rex
494 804 609 869 eampo
632 783 666 845 in
690 781 796 846 medio
819 781 983 868 gelidique
1006 782 1066 847 sub
1091 805 1153 847 axe
1204 783 1222 839 A

179 905 256 953 ιη.
283 888 433 954 Aetheris
456 898 620 975 exspeetet
645 889 836 972 venientem,
860 889 1032 953 immittere
1054 888 1200 953 habenas

282 997 423 1081 Aurigas
447 995 537 1060 iubet
559 1004 591 1060 et
614 1017 729 1060 eurrus
752 996 876 1081 agitare
899 996 1022 1059 eitatos.
1222 989 1224 994 ’

282 1103 389 1189 Atque
412 1102 469 1167 ubi
492 1103 558 1165 iam
582 1101 624 1166 ad
647 1124 787 1188 campos,
811 1100 867 1165 ubi
888 1112 973 1166 stant
988 1112 1097 1167 eastra
1110 1101 1222 1185 ardua,
1238 1123 1320 1165 ven·

1066 1209 1148 1292 [tum
1170 1217 1228 1295 est7

283 1316 401 1381 Vieino
422 1316 536 1401 regina
558 1315 630 1380 loeo
653 1316 808 1399 consistit,
832 1316 953 1379 amieos

283 1422 378 1487 Unde
401 1432 505 1508 potest
529 1423 615 1507 regis
639 1422 749 1487 vultus
774 1432 927 1509 spectare,
951 1421 1101 1486 deeoram

168 1541 189 1581 ¹
204 1547 253 1592 eo.
282 1529 323 1592 Et
347 1530 496 1615 speeiem,
520 1552 584 1616 qua
608 1528 815 1595 Sauromatas
840 1529 1056 1615 supereminet
1081 1552 1218 1594 omnes.1
1273 1542 1325 1584 511

370 1634 466 1699 Tune
488 1637 633 1722 equitum
655 1646 788 1719 turmas,
811 1659 894 1721 quae
918 1659 952 1700 se
975 1645 1140 1700 seetantur
1162 1634 1318 1722 abssurbe,

281 1741 434 1828 Ingentes
458 1743 582 1807 eireum
606 1764 721 1806 currus
744 1765 802 1807 rex
824 1743 961 1829 imperat
984 1744 1031 1807 ire

281 1848 426 1936 Reginae
449 1858 524 1912 ante
547 1848 658 1912 oeulos
683 1848 859 1935 urbemque
881 1849 987 1914 redire
1008 1849 1140 1935 priores.

280 1953 422 2042 Imperio
445 1954 522 2019 laeti
545 1964 658 2041 parent
684 1964 715 2019 et
740 1956 828 2018 iussa
851 1955 1028 2019 facessunt:

173 2093 252 2143 135,
282 2060 477 2145 Proeedunt,
502 2061 627 2146 agitant
649 2070 680 2125 et
703 2084 802 2148 equos
825 2071 857 2125 et
880 2060 970 2126 oalee
992 2061 1143 2146 fatigant3
1254 2102 1259 2111 ι
1288 2102 1319 2116 ·-

282 2168 415 2232 Ferrato
438 2177 503 2231 toto
526 2167 590 2231 late
615 2177 706 2231 sonat
730 2168 854 2252 ungula
876 2190 998 2253 eampo.

281 2275 419 2339 Miratur
441 2276 554 2360 regina
577 2275 673 2356 viros,
698 2275 833 2337 miratur
855 2285 886 2337 et
910 2275 981 2337 auri

282 2384 359 2447 Vim
383 2405 536 2469 magnam
560 2391 591 2446 et
615 2380 736 2446 nitidas
761 2382 954 2465 stringentes
976 2380 1102 2445 lumina
1124 2390 1239 2466 vestes,

281 2491 451 2576 Ingentem
474 2498 506 2554 et
529 2489 727 2572 comitatum,
751 2497 882 2550 onerata
905 2496 937 2551 et
960 2487 1043 2551 eolla
1066 2489 1202 2570 eatenis3

171 2614 248 2663 reo.
279 2597 429 2682 Insignes
451 2598 589 2660 miratur
612 2617 712 2681 equos
735 2593 949 2680 phalerasque
973 2594 1129 2681 superbas
1216 2587 1219 2591 ⁴

282 2703 438 2789 Quaeque
460 2702 525 2767 levi
549 2701 690 2788 pendent
713 2723 846 2787 operosa
869 2701 1002 2764 monilia
1025 2701 1115 2766 aelle.

280 2811 351 2875 Nee
374 2811 482 2874 minus
506 2810 539 2872 in
563 2809 678 2872 turmis
702 2809 809 2871 varios
833 2808 970 2871 miratur
993 2808 1140 2871 amietos.
1214 2840 1216 2847 v

282 2918 324 2981 Et
347 2918 411 2981 nisi
435 2917 642 2983 Sauromatas
667 2916 748 2979 seiat
772 2937 851 2998 esse,
874 2915 1036 3002 putaverit
1060 2913 1128 2977 illio

282 3025 364 3090 Esse
385 3023 555 3088 hominurn
571 3046 674 3109 genus
690 3044 797 3086 omne:
821 3022 875 3086 hie
890 3031 1013 3086 vestem
1033 3020 1167 3085 indutus
1183 3021 1317 3108 iberam,

170 3153 247 3198 reu.
279 3131 340 3196 Ille
361 3131 486 3212 italsm3
511 3141 559 3195 est
583 3153 679 3193 auras
702 3130 759 3215 qui
781 3130 903 3193 vertice
926 3128 1031 3214 pulset
1055 3137 1150 3192 aeuto

280 3237 452 3324 Implicitis
476 3238 575 3323 eapiti
597 3236 703 3322 longis
727 3235 937 3299 mantilibus¹
962 3234 1035 3298 alto,

282 3344 452 3430 Ingentem
472 3344 534 3407 fert
554 3343 609 3407 ille
632 3352 744 3426 rotam,
768 3365 832 3429 qua
856 3341 988 3427 cingula
1011 3339 1119 3423 metit,

282 3452 416 3517 Peetore
439 3450 498 3514 sub
522 3450 642 3536 patulo,
665 3472 748 3536 quae
772 3447 912 3534 pondere
936 3447 1040 3533 vergit
1064 3447 1183 3533 iniquo.

283 3559 382 3622 Hune
405 3558 536 3621 sinuosa
557 3558 638 3642 tegit
662 3556 744 3621 talos
768 3555 908 3618 demissa
932 3552 991 3617 sub
1016 3555 1102 3639 ipsos

169 3688 246 3732 aoo.
280 3665 389 3728 Vestis
412 3673 444 3728 et
467 3672 606 3748 angusto
629 3662 821 3746 constringit
843 3658 998 3724 braoehia
1021 3681 1138 3744 panno.

282 3770 431 3836 Prolixae
455 3770 508 3834 ille
532 3779 634 3854 togae,
657 3768 739 3832 talos
763 3790 845 3853 quae
868 3765 987 3853 pendet
1010 3764 1162 3849 adimes,

279 3879 527 3964 Angustamque
548 3876 744 3961 brevemque
768 3874 867 3958 addit,
891 3896 974 3960 quae
997 3870 1129 3957 eingula
1151 3871 1291 3936 vixdum

282 3985 424 4070 Attingit
447 3983 616 4070 nudosque
639 3982 792 4069 relinquit
815 4004 914 4045 avara
937 3980 1083 4045 lacertos.

282 4092 343 4155 Tot
366 4113 475 4154 rerum
498 4091 598 4155 fae-ies
621 4091 687 4152 iam
709 4089 833 4153 lumina
857 4088 943 4152 fessa
965 4084 1107 4149 videndo

177 4218 248 4261 aes.
278 4196 403 4262 Obtutu
427 4206 580 4261 steterant
604 4217 700 4280 aegro
724 4195 890 4281 fractoque
914 4194 1019 4279 rigore
1117 4242 1120 4247 .

282 4305 440 4369 Deieeere
463 4304 576 4388 aeiem,
599 4305 713 4388 visque
736 4303 840 4366 omnis
863 4301 954 4387 lapsa
976 4298 1097 4363 tuendo
1118 4307 1174 4362 est.
1238 4381 1324 4391 a-..-

180 4455 379 4466 --—-—-..-.„.-

284 4536 293 4565 ¹
311 4535 416 4588 Collare
435 4533 567 4602 quoddam
587 4533 727 4600 (kolniera)
745 4540 793 4583 aut
812 4531 947 4583 cucullum
966 4525 1242 4598 designareatdetor.
