3016 5310
679 119 835 155 FBssl‘ATIO.

179 328 212 383 et
234 318 431 404 posteriores
454 315 563 382 minus
579 315 683 402 periti,
708 325 819 380 carent
835 312 1025 402 plerumque
1040 313 1156 401 Royzii
1171 322 1329 400 poemata,

181 423 238 509 qui
260 422 450 488 natalibus
472 421 670 506 abuteretur,
701 421 951 508 permovebatur
973 443 1037 485 non
1062 417 1166 484 solum
1193 441 1330 484 accura-

180 532 264 595 tiore
293 531 447 616 antiquae
476 530 583 616 poesis
614 528 844 594 condicionum
875 529 1005 611 notitia,
1037 526 1094 591 sed
1126 528 1223 591 etiarn
1252 547 1331 590 sano

180 637 357 724 iurisperiti
382 635 506 702 iudicio
529 634 669 722 fideique
694 634 891 700 christianae
914 634 1099 699 reverentia
1124 633 1220 716 (conf.
1236 633 1262 718 Ι,
1278 634 1332 719 43,

183 746 227 809 20
250 749 342 831 sqq).

292 851 357 918 Sed
389 851 418 914 si
448 847 668 914 nominandus
699 859 748 913 est
781 849 866 913 inter
896 849 1044 934 antiquos
1076 858 1203 934 poetas,
1234 870 1329 934 quem

183 956 361 1044 plurimum
384 957 529 1046 Royzius
553 955 736 1021 aemulatus
760 978 830 1021 esse
852 955 1015 1033 videatur,
1037 957 1066 1018 is
1082 956 1144 1019 erit
1160 953 1330 1040 Martialis,

183 1087 278 1150 quem
313 1066 383 1151 ipse
418 1065 571 1151 suspicit,
606 1085 681 1129 cum
716 1062 903 1150 popularem
940 1085 1035 1126 suum
1066 1085 1137 1126 esse
1172 1061 1330 1147 glorietur

185 1173 305 1252 (Dacis.
329 1169 443 1236 lituan.
467 1171 493 1255 I,
516 1172 558 1236 31
584 1180 616 1235 et
639 1172 694 1254 34)
718 1169 919 1256 libenterque
943 1169 1056 1233 afferat
1080 1171 1149 1233 eius
1166 1170 1329 1256 epigram—

186 1289 279 1343 mata
319 1281 370 1343 Ac
400 1279 429 1342 si
459 1301 479 1341 a
510 1277 655 1343 moribus
679 1278 795 1366 Royzii
818 1276 1056 1341 honestioribus
1080 1277 1262 1360 recesseris,
1287 1315 1329 1322 —

185 1408 287 1473 neque
311 1387 398 1450 enim
421 1395 489 1450 tam
512 1385 719 1472 impudenter
742 1383 826 1449 lucri
850 1407 950 1449 causa
973 1394 1118 1470 potentes
1144 1394 1193 1448 est
1215 1382 1330 1447 adula-

184 1503 250 1578 tus,
281 1515 388 1578 neque
411 1502 478 1556 tam
502 1491 599 1557 facile
622 1490 848 1556 delectabatur
871 1491 1040 1556 obscoenis
1070 1491 1103 1554 in
1128 1490 1328 1555 carminibus

186 1601 263 1685 suis,
287 1622 386 1687 quam
408 1598 583 1685 Martialis,
608 1638 650 1646 -
673 1610 705 1664 et
728 1600 858 1685 ingenio
882 1609 914 1662 et
938 1597 1014 1663 fatis
1038 1596 1224 1661 simillimus
1247 1596 1331 1661 alter

186 1706 277 1772 alteri
300 1707 489 1793 reperietur.
527 1706 671 1792 Uterque
702 1707 788 1770 enim
821 1707 855 1768 in
886 1705 999 1769 eadem
1028 1704 1207 1790 Hispaniae
1237 1714 1330 1790 parte

186 1824 292 1899 natus,
317 1813 408 1878 virili
431 1814 496 1877 iam
520 1823 625 1878 aetate
647 1813 754 1899 patria
776 1811 892 1876 relicta
913 1813 948 1875 in
971 1811 1100 1876 Italiam
1133 1835 1167 1876 se
1192 1811 1330 1877 contulit

186 1922 223 1986 ad
246 1921 350 1986 animi
375 1919 500 1986 cultum
523 1919 754 2006 elegantiorem
779 1919 1032 2004 absolvendum,
1056 1929 1191 2005 uterque
1214 1917 1328 1983 claris-

186 2031 279 2093 simos
304 2028 429 2114 ingenii
453 2029 504 2091 sui
528 2027 656 2092 fructus
687 2038 781 2091 extra
811 2027 935 2113 patriae
966 2027 1047 2090 fines
1078 2026 1162 2090 inter
1184 2024 1329 2113 hospites

186 2135 293 2220 edidit,
313 2135 482 2221 utriusque
499 2157 593 2199 musa
608 2135 696 2200 vitae
712 2134 890 2198 commodis
907 2132 1114 2216 inserviebat,
1130 2156 1326 2219 quamquam

185 2241 392 2307 Martialiana
414 2243 545 2328 saepius
561 2253 593 2307 et
608 2243 762 2329 apertius,
785 2242 892 2304 rarius
908 2252 941 2305 et
956 2240 1134 2304 modestius
1151 2240 1327 2328 Royziana.

184 2348 275 2414 Adde
299 2349 388 2435 quod
410 2348 571 2413 Martialis
596 2359 702 2435 spreta
725 2347 981 2434 iurisprudentia
1005 2347 1046 2412 ad
1071 2349 1218 2412 carmina
1239 2369 1328 2412 com-

185 2455 332 2541 ponenda
356 2458 444 2521 vires
467 2456 590 2541 ingenii
614 2457 664 2519 sui
689 2455 842 2539 cuntulit,
872 2455 1016 2543 Royzius
1045 2476 1172 2541 semper
1196 2454 1327 2540 quidem

184 2563 361 2650 iurisperiti
385 2585 520 2627 munere
544 2562 676 2627 functus
700 2572 757 2645 est,
782 2562 994 2627 libentissime
1018 2571 1126 2624 tamen
1147 2560 1186 2624 ad
1204 2561 1326 2647 poesim

184 2669 396 2754 decurrebat,
427 2680 526 2756 utque
555 2680 670 2755 poetae
694 2668 873 2733 Bilbilitani
897 2670 1064 2754 ingenium
1088 2667 1269 2732 clarissime
1293 2668 1326 2731 in

183 2778 227 2841 ais
250 2777 497 2863 epigrammatis
521 2777 650 2860 enituit,
681 2777 715 2839 in
746 2775 864 2862 quibus
888 2775 993 2840 faceta
1019 2775 1169 2839 utebatur
1192 2773 1328 2839 cavilla-

182 2885 278 2968 tione,
301 2884 348 2947 ita
371 2883 621 2968 Alcagnicensis
644 2895 755 2948 noster
777 2883 865 2947 haud
890 2885 958 2947 scio
981 2907 1022 2947 an
1040 2884 1073 2946 in
1090 2883 1203 2946 codem
1220 2883 1329 2969 poesis

180 3013 301 3076 genere
323 2988 512 3055 felicissime
544 2993 586 3055 sit
609 3001 775 3074 versatus,
805 2991 839 3054 id
872 2990 956 3078 quod
988 2991 1057 3077 ipsc
1089 2989 1151 3054 sibi
1177 2991 1329 3054 conscius

182 3097 284 3162 fuisse
307 3098 440 3163 videtur
462 3098 561 3181 (conf.
584 3099 627 3181 II,
651 3100 725 3182 222,
749 3099 839 3181 VIl).
1273 3099 1278 3109 '

289 3205 353 3272 Sed
378 3205 404 3268 si
429 3227 582 3292 quaeras,
612 3216 771 3292 quatenus
795 3205 939 3294 Royzius
964 3205 1103 3293 pendeat
1127 3228 1146 3268 a
1169 3203 1329 3287 Martiale,

182 3311 403 3377 confitendum
426 3313 501 3398 erit,
532 3313 691 3402 Royzium
723 3323 758 3377 ut
789 3315 822 3376 in
856 3314 1044 3377 universum
1078 3310 1215 3376 similem
1239 3312 1266 3375 ei
1293 3312 1327 3374 in

180 3418 480 3506 componendorum
505 3422 776 3506 epigrammatum
800 3421 933 3497 ratione,
958 3421 1003 3483 ita
1027 3418 1139 3505 procul
1164 3419 1276 3483 abesse
1293 3418 1327 3480 in

181 3526 321 3613 singulis
345 3549 364 3590 a
388 3526 499 3592 servili
525 3526 689 3614 popularis
714 3529 763 3590 sui
789 3528 976 3610 imitatione,
1008 3527 1127 3613 quippe
1150 3527 1204 3612 qui
1229 3526 1326 3589 etiam

180 3635 214 3697 in
239 3632 403 3698 similibus
427 3636 629 3720 argumentis
654 3636 817 3721 propriam
847 3646 1000 3720 sequatur
1024 3634 1111 3697 viam
1136 3632 1328 3696 vorborum-

180 3764 242 3826 que
265 3738 395 3806 delectu
419 3765 477 3806 suo
502 3754 618 3806 utatur.
643 3743 714 3805 lam
737 3741 898 3806 Martialis
922 3740 1085 3806 interdum
1111 3740 1253 3805 medicus
1270 3763 1327 3804 ex-

181 3849 283 3932 agitat
315 3848 357 3931 (l,
381 3849 437 3929 473
462 3848 502 3933 V,
526 3852 559 3930 93
591 3849 734 3930 V1,53;
767 3849 866 3934 Vlll,
891 3851 945 3928 743
977 3849 1043 3933 IX,
1070 3849 1144 3931 106)
1177 3847 1329 3933 idemque

182 3954 261 4019 fucit
284 3956 452 4019 Ausonius
475 3961 540 4043 (pg.
564 3958 629 4021 312
653 3968 686 4021 et
709 3959 773 4022 342
798 3957 847 4022 ed.
865 3959 1016 4043 l'eipari);
1041 3956 1184 4045 Royzius
1205 3967 1330 4019 utrum-

183 4085 243 4147 que
267 4060 370 4126 multo
394 4074 526 4149 superat
549 4066 820 4150 epigrammatum
844 4066 876 4128 in
895 4064 1038 4129 medicos
1059 4066 1250 4128 emissorum
1270 4085 1331 4126 nu-

183 4191 279 4254 mero,
302 4191 407 4255 neque
431 4181 538 4235 tamen
565 4194 706 4257 unquam
730 4172 771 4237 ab
796 4173 842 4236 eis
858 4171 960 4236 verba
978 4182 1033 4234 aut
1050 4169 1134 4234 sales
1151 4179 1330 4233 mutuatur.
