3016 5310
362 453 398 486 Au
418 453 595 488 stetsrtuunu'rt
616 453 757 489 AUGUSTUM
777 453 883 488 CARNE!
902 454 1127 488 constiturorum.

180 523 242 530 -—
262 524 269 529 .
283 522 443 529 —-—.--——
695 523 746 528 .——
825 524 939 529 —-
1030 525 1079 530 .—

283 645 395 712 Redde
418 647 483 713 tuis
506 658 538 712 te
561 646 770 731 Sauromatis,
794 647 949 733 luctuque
971 647 1137 717 labantem

202 776 247 818 ts.
284 753 381 819 Solve
404 754 563 819 animum:
587 755 726 819 frontem
749 765 781 819 et
803 754 931 841 populis
954 754 1087 823 ostende
1110 777 1266 823 serenam

282 861 451 927 Hactenus
475 859 638 935 indultum
661 861 805 927 lacrimis
828 873 860 927 et
882 861 1067 948 planetibus
1091 873 1167 927 esto.

370 968 511 1053 Amissa,
535 969 629 1034 euius
652 969 764 1033 virtuti
789 968 917 1045 debitus
941 968 1028 1037 orbis

280 1075 522 1165 Imperiumque
545 1075 608 1139 fuit
631 1086 790 1141 terrarum
814 1087 845 1141 et
868 1075 1024 1162 quioquid
1048 1075 1168 1163 ubique
1190 1086 1248 1161 est,

281 1181 423 1267 Elisabe,
447 1182 545 1249 finem
568 1182 701 1268 potuisti
724 1183 889 1269 imponere
912 1182 1076 1269 quondam

201 1309 247 1354 so.
279 1287 440 1361 Luctibus
463 1299 494 1355 et
517 1300 657 1355 maestas
680 1290 765 1357 fesso
789 1313 935 1376 premere
957 1313 1012 1356 ore
1035 1288 1194 1375 querelas:

281 1395 324 1459 Et
347 1417 437 1461 nuno
459 1395 550 1461 nulla
573 1397 648 1461 novi
672 1398 818 1463 invenies
842 1397 957 1464 solatia
980 1397 1100 1462 oasus?

283 1503 337 1565 An
361 1502 468 1578 flendo
490 1525 644 1569 revocare
667 1526 776 1569 saeros
800 1505 834 1568 in
858 1526 993 1591 eorpora
1016 1524 1128 1575 manes

284 1609 514 1697 Laurentisque
536 1612 656 1697 putas?
680 1612 887 1697 animamque
910 1611 1021 1679 exoire
1042 1607 1217 1695 sepuloro?

283 1713 416 1787 Scilicet
439 1716 619 1791 ueeidimus
642 1717 750 1802 semel,
773 1728 806 1782 et
829 1718 928 1783 semel
952 1728 1022 1783 atra
1045 1715 1195 1781 videmus

204 1843 250 1887 ss.
282 1821 422 1908 Funera,
446 1845 544 1888 saeva
566 1824 682 1911 pedem
705 1824 829 1901 tumulo
851 1835 924 1911 post
947 1824 1016 1899 fata
1037 1822 1150 1893 relicto

283 1928 372 2009 Mors
395 1929 510 1995 efferre
532 1941 630 2018 negat
653 1953 829 2017 rursusque
853 1953 1021 2016 resurgere
1043 1929 1086 2003 ad
1109 1949 1206 2001 aures

284 2036 370 2103 Ante
393 2035 489 2122 diem,
512 2037 572 2103 soli
595 2038 720 2111 Divum
743 2061 826 2125 quse
849 2039 981 2124 eognita
1003 2038 1095 2124 patri,
1121 2075 1165 2083 —

284 2141 368 2209 (lum
389 2165 495 2231 genus
516 2143 705 2229 humanum,
735 2155 821 2211 terre
843 2145 1059 2232 quodeunque
1090 2143 1150 2215 sub
1173 2144 1240 2208 ima
1262 2149 1321 2227 est,

285 2249 509 2337 Cassmrnque
532 2251 619 2337 quod
640 2262 690 2328 est
710 2251 852 2338 olimque
875 2253 909 2317 in
932 2252 1186 2336 transiturum,

205 2378 251 2422 so.
283 2356 371 2445 Lege
393 2358 502 2423 Deum
525 2380 705 2446 exsurgens
727 2360 762 2438 in
786 2382 921 2446 eorpora
943 2360 1022 2425 vive
1043 2366 1193 2434 revertet.

377 2463 533 2553 Coniugis
555 2476 717 2543 extremos
740 2489 781 2531 ne
804 2466 911 2532 obitus
934 2477 966 2531 et
989 2465 1089 2533 funus
1112 2473 1239 2533 amotae

288 2569 428 2634 Tristius
450 2572 611 2659 aspiceres
635 2576 688 2637 etl
711 2584 840 2659 peotore
863 2574 1015 2647 maestior
1037 2593 1134 2658 aegro

287 2676 381 2749 Atria
403 2678 581 2764 eompleres
604 2679 704 2765 lustu,
727 2680 919 2757 dulcissima
943 2680 1062 2746 eoniux

287 2782 361 2861 Non
385 2783 491 2857 subito
515 2785 633 2865 residit
657 2808 735 2861 essu
759 2799 814 2852 ant
837 2799 1010 2874 praesepta
1032 2796 1163 2873 repente
1185 2793 1243 2868 est,

207 2912 254 2956 ss.
285 2890 349 2961 Per
371 2889 502 2979 leugam
525 2892 583 2959 sed
606 2904 710 2969 traete
733 2917 847 2964 necem
871 2894 1037 2980 morbique
1060 2892 1204 2958 laborem

288 2995 427 3084 Oneidit,
450 3009 482 3065 et
505 2999 622 3066 defleta
645 3001 711 3085 diu,
735 3001 824 3073 velut
847 3012 922 3067 ante
943 3002 1087 3088 perisset,

289 3103 381 3169 Fatis
402 3116 496 3193 rapta
519 3107 587 3177 suis
610 3108 712 3187 vitam
735 3130 811 3177 oum
834 3110 972 3194 eoniuge
994 3107 1097 3194 liquit.

380 3211 500 3293 Ablata
524 3212 650 3285 absenti
674 3214 806 3281 Elisabe
828 3237 964 3301 quoque,
987 3214 1093 3281 tristia
1116 3213 1184 3279 fata

290 3316 448 3382 Praesens
472 3343 513 3388 ne
536 3322 707 3408 aspiceres,
730 3345 813 3408 quae
836 3323 894 3387 vix
917 3321 1029 3389 auditu
1051 3320 1163 3405 tulisti,

209 3444 256 3488 ro.
287 3424 456 3495 Lamentis
478 3427 633 3514 luctuque
657 3451 761 3515 aeger.
792 3430 839 3509 Te
861 3428 938 3503 flere
962 3438 1073 3504 vetant
1095 3428 1153 3497 Dii

291 3530 334 3594 Et
357 3532 443 3598 iusto
466 3557 610 3615 maerore
633 3536 752 3615 lerunt.
786 3537 877 3611 Haeo
900 3558 1035 3613 munera
1058 3535 1185 3608 Divum

290 3638 470 3726 Agnosess,
493 3641 650 3728 Auguste,
674 3653 760 3708 etto
784 3643 887 3718 solare
910 3642 1080 3715 dolentem.

378 3746 448 3815 Nee
471 3747 531 3814 tibi
553 3748 733 3835 lugendum
756 3760 813 3834 est,
837 3750 950 3835 [saunis
973 3748 1060 3835 quod
1084 3747 1208 3821 soilioet
1228 3746 1326 3812 annis

292 3853 347 3919 Bis
371 3854 492 3933 uiduus
515 3857 626 3942 nigros
650 3858 823 3943 sumpsisti,
848 3858 1005 3943 Auguste,
1029 3854 1184 3930 cucullos.

212 3980 257 4026 rs.
288 3959 378 4045 Quin
401 3964 518 4053 gaude,
541 3968 622 4041 nee¹
649 3964 744 4031 erede
768 3986 886 4049 saeros,
910 3965 980 4030 sine
1002 3963 1136 4037 numine
1159 3971 1245 4031 serto

290 4069 464 4156 Diuorum,
488 4093 610 4137 vaeuos
634 4070 734 4149 sterili
757 4070 808 4135 bis
832 4072 971 4157 ooniuge
993 4080 1086 4157 rspta

292 4175 385 4259 Stare
408 4189 503 4245 toros.
535 4179 657 4244 Teeum
681 4178 814 4257 Elisabe
836 4178 1055 4266 pulcherrime
1077 4178 1210 4253 brumas

291 4284 386 4365 Vidit
408 4297 510 4373 nupta
533 4286 627 4370 duas3
653 4287 765 4373 spatiis
787 4286 847 4352 tibi
871 4286 1019 4371 iungitur
1042 4284 1158 4357 iisdem

294 4519 300 4548 ¹
321 4519 431 4571 Mallem
453 4526 546 4583 „neu“¹
