3016 5310
486 638 601 703 Mutua
623 639 679 725 qui
702 648 734 704 et
757 662 927 703 nummum
950 639 1041 704 milia
1063 640 1166 705 multa
1190 640 1280 707 dedit
1288 647 1309 729 ¹,

351 764 399 807 es.
430 745 515 809 Aere
538 767 653 831 parare
676 768 744 831 sue,
767 745 865 832 legati
889 767 1023 832 corpora
1046 757 1161 812 curent

486 850 592 937 Unde,
615 863 725 938 negat:
749 853 861 938 regine
884 852 938 918 hic
960 852 1134 919 adhibetur
1156 853 1280 920 honos?

433 956 522 1037 Quid
546 958 677 1044 faciant,
700 982 776 1023 cum
799 982 879 1045 gens
903 958 1002 1024 duras
1025 960 1196 1027 admittere
1218 963 1253 1027 in
1277 984 1374 1030 aures

485 1064 602 1150 Exiex,
624 1088 707 1152 quae
730 1066 807 1130 data
831 1077 914 1152 sunt,
938 1068 1028 1153 regia
1050 1068 1140 1133 iussa
1162 1071 1283 1155 negat?

431 1169 528 1235 Unde
551 1171 661 1256 tulere,
683 1172 800 1258 pedem
822 1173 976 1259 referunt,
999 1196 1172 1261 regemque
1195 1176 1353 1263 revisunt,

345 1296 399 1340 aa.
484 1277 526 1341 Et
550 1287 734 1365 contempta
756 1280 790 1343 in
815 1302 849 1344 se
872 1281 962 1365 regia
985 1291 1113 1368 sceptra
1134 1280 1253 1347 dolent

432 1383 526 1464 Quae
548 1395 589 1470 te,
612 1408 680 1471 rex,
704 1408 786 1472 quae
810 1386 992 1451 Lechiadas
1015 1388 1174 1452 sententia
1197 1398 1306 1475 patres

486 1491 625 1557 Versat?
648 1515 731 1579 quae
753 1503 880 1558 tanturn
904 1493 1009 1560 deleat
1032 1495 1081 1559 ira
1104 1495 1218 1560 nefas?

433 1597 539 1663 Omne
562 1598 638 1664 licet
661 1601 783 1664 serrum
807 1622 991 1687 poenasque
1013 1599 1197 1667 admoveris
1220 1624 1343 1688 omnes,

488 1705 644 1769 Punitum
667 1705 773 1770 seelus
796 1705 859 1771 hoc
881 1707 939 1771 vix
962 1707 1041 1771 satis
1064 1729 1136 1773 esse
1158 1719 1271 1795 potest.

885 1955 909 2006 d.

647 2113 683 2166 ln
702 2112 897 2169 Gedunenses
916 2115 1149 2170 tumultuantes.

432 2235 517 2315 Quis
542 2238 640 2321 furor,
664 2262 682 2303 ο
706 2239 815 2304 cives?
839 2262 922 2326 quae
944 2250 1035 2305 tanta
1057 2239 1189 2305 licentia
1212 2239 1338 2306 ferrii²

436 2345 674 2410 Dantiscumne
698 2369 756 2410 suo
779 2345 867 2411 hunc
890 2347 960 2432 regi
984 2346 1158 2412 meditatur
1179 2345 1358 2412 honorem?

436 2451 557 2517 Debita
579 2451 694 2539 legatis
717 2452 797 2518 haee
820 2464 868 2519 est
891 2454 1072 2518 reverentia
1096 2453 1254 2518 summis?

436 2559 565 2623 Moenia
589 2559 750 2625 clausistis
773 2560 898 2647 pavidi,
922 2560 1084 2625 clausistis
1107 2570 1139 2624 et
1162 2582 1257 2624 aures

373 2686 403 2728 s.
435 2664 546 2745 Infidi3
570 2664 663 2729 vobis
685 2666 747 2731 hcc
770 2689 861 2730 mens
885 2666 969 2731 male
992 2667 1123 2731 conscia
1148 2667 1258 2730 suasit.

526 2773 608 2851 Quis
632 2773 718 2858 regis
742 2773 896 2838 mandata
919 2774 970 2837 sui
993 2784 1024 2838 et
1048 2772 1125 2837 data
1147 2773 1236 2837 iussa
1258 2784 1386 2838 recuset

437 2878 562 2943 Audire
585 2890 617 2944 et
639 2878 738 2944 duras
761 2880 894 2945 demens
918 2880 1088 2945 admittere
1110 2880 1145 2943 in
1168 2879 1286 2944 aures?

437 2984 614 3050 Incendere
638 2996 745 3072 patres
768 2997 799 3051 et
823 3010 913 3051 mens
936 2985 1124 3051 malesuada
1148 2997 1289 3070 senatus,

436 3091 481 3155 Ut
506 3092 622 3157 fremat
646 3116 736 3156 arma
760 3094 852 3158 ferox
874 3094 959 3158 fictis
982 3092 1176 3178 rumoribus,
1198 3116 1327 3158 omnem

440 3342 447 3369 ¹
468 3343 545 3393 Erico
565 3341 645 3405 (msti.
665 3341 774 3407 Hericc)
793 3342 897 3405 minori,
923 3341 983 3392 duci
1003 3341 1198 3404 brunsvicensi,
1225 3356 1249 3391 a.
1270 3340 1349 3394 1563.
1379 3341 1464 3393 Ericuu

325 3432 402 3482 enim
434 3431 546 3482 collecto
577 3431 605 3480 in
630 3431 775 3481 Germania
805 3432 925 3482 exercitu
958 3429 1045 3483 14000
1070 3431 1315 3483 mercennariorum
1343 3431 1371 3480 in
1396 3432 1467 3481 Prus·

325 3522 400 3570 sium
418 3520 520 3585 regiam
539 3521 635 3585 irrupit
654 3528 680 3570 et
699 3521 732 3570 ad
752 3520 891 3570 Gedanum
911 3521 1033 3583 accessit,
1052 3521 1109 3586 regi
1129 3519 1230 3570 auxilie
1243 3526 1340 3569 contra
1354 3519 1467 3570 lleschos

326 3626 359 3659 se
379 3610 469 3661 venire
489 3610 624 3673 dictitans,
648 3625 742 3675 reapse
763 3617 791 3658 ut
811 3609 1018 3673 nancisceretur,
1044 3610 1113 3659 unde
1136 3608 1284 3659 exercitum
1302 3615 1468 3659 sustentaret.

334 3701 424 3749 iussus
444 3708 533 3749 autern
553 3699 587 3748 ab
606 3700 726 3764 Angusto
746 3714 808 3764 rege
828 3714 860 3748 ex
879 3698 977 3747 finibus
996 3698 1123 3748 Poloniae
1142 3697 1280 3761 decedere,
1302 3713 1365 3749 cum
1385 3705 1471 3748 contra

327 3805 361 3839 se
380 3789 513 3839 exercitus
531 3788 622 3853 parari
640 3789 751 3851 videret,
770 3788 862 3838 statim
882 3804 910 3839 se
929 3788 1064 3837 abiturum
1083 3785 1219 3851 pollicitus
1239 3793 1288 3851 est,
1315 3787 1339 3836 si
1362 3787 1414 3839 sibi
1431 3802 1471 3851 pe·

329 3878 422 3939 cunia,
441 3893 494 3940 qua
513 3885 612 3943 egeret,
630 3885 722 3927 mutuo
741 3877 857 3929 daretur.
877 3878 945 3926 Tum
963 3875 1143 3938 Gadarenses,
1163 3875 1208 3939 qui
1227 3875 1282 3925 iam
1296 3882 1380 3926 antea
1395 3876 1473 3926 lautia

332 3967 357 4016 ei
378 3968 516 4023 miserunt,
535 3968 659 4017 Prassiae
679 3967 784 4016 nomine
800 3965 886 4017 12000
899 3967 1013 4016 talerum
1026 3973 1120 4015 mutua
1133 3965 1157 4015 ei
1171 3964 1275 4015 dedere.
1295 3964 1471 4014 Nihilominus

334 4056 380 4104 ille
398 4057 537 4106 discedens
555 4056 692 4106 Prussiam
710 4056 870 4120 devastavit,
890 4071 941 4120 que
960 4056 1033 4105 iacto
1052 4043 1179 4104 Polcniae
1199 4053 1283 4103 hostis
1301 4068 1319 4103 a
1331 4070 1396 4120 rege
1412 4053 1474 4104 iudi·

332 4153 412 4194 catus
438 4153 485 4195 cst.
518 4147 592 4195 Ocni.
618 4146 746 4208 Gralath,
772 4144 892 4196 Versuch
917 4161 939 4196 e.
966 4143 1127 4196 Geschichte
1153 4143 1273 4208 Danaigs
1296 4144 1324 4193 11
1351 4142 1473 4210 Kenigsb.

334 4233 411 4298 1790,
431 4252 473 4299 pu.
496 4233 644 4286 133-140.
674 4234 826 4301 Lengnich,
853 4234 948 4286 Gesch.
968 4235 1015 4285 der
1033 4249 1133 4297 preuss.
1155 4231 1254 4282 Laude.
1281 4231 1390 4299 Sigism.
1411 4235 1470 4296 Aug.

336 4325 441 4390 Danzig
463 4323 538 4387 1723,
558 4342 600 4391 pg.
620 4323 769 4376 aul-265.

442 4412 452 4440 ²
471 4416 589 4464 Revocat
608 4415 636 4464 in
656 4415 774 4464 animum
793 4420 879 4464 toturn
897 4415 1011 4478 primum
1031 4413 1108 4478 primi
1123 4412 1185 4463 libri
1199 4426 1306 4461 versum
1321 4410 1470 4462 Pharsaliae

336 4505 450 4553 laicani.
