3016 5310
298 637 365 702 (lar
387 635 460 700 illos
483 635 538 699 alii
561 644 660 721 tuque
683 633 772 699 huno
795 633 938 699 iubearis
961 632 1060 718 adire,

350 743 546 827 Permotum‚
569 741 684 806 eredas
706 740 769 805 hao
792 741 917 804 ratione
940 741 1049 804 Pium:

298 849 376 913 Illos
399 871 493 936 posse
515 847 661 912 homines
685 846 812 912 trahere
836 846 878 911 ad
901 846 1036 912 meliora
1058 846 1197 934 putavit,

351 955 399 1020 Te
421 955 535 1042 lingue
557 956 716 1019 immanes
740 954 869 1020 fleotere
892 976 986 1041 posse
1006 953 1101 1018 feras.

621 1505 674 1568 Ad
699 1505 901 1569 EUNDEM.

299 1698 424 1765 Oanobi
447 1700 559 1787 procul
582 1702 735 1766 extremis
759 1700 930 1766 residentis
955 1702 988 1765 iu
1012 1701 1077 1764 oris

302 1806 432 1872 Audaci
455 1830 607 1895 properas
631 1807 713 1894 pede
736 1819 870 1895 tangere
892 1807 1008 1872 limina
1029 1806 1165 1872 Mosah’n
1270 1849 1275 1858 ι

299 1914 360 1978 Illo
384 1937 511 1978 summa
534 1915 585 1979 Pii
608 1915 711 2001 pietas
734 1915 823 1979 iubet
847 1916 894 1979 ire
917 1915 1079 1979 volentem

299 2022 475 2106 Pontiliois‚
499 2022 622 2085 maiora
645 2022 712 2085 suis
737 2021 782 2085 nil
806 2021 931 2086 viribus
956 2023 1035 2085 ausi.

238 2151 266 2192 s.
299 2128 426 2215 Ecquid
451 2130 538 2192 enim
561 2152 626 2193 non
650 2129 704 2194 ille
727 2130 854 2215 potest?
877 2130 932 2194 oui
954 2138 1041 2195 tarra
1064 2128 1256 2216 fretumque„

299 2234 361 2299 Oui
385 2234 469 2324 Styx
494 2235 629 2320 mortali,
653 2235 766 2301 melior
789 2237 843 2302 oui
866 2245 957 2323 paret
981 2236 1152 2324 Olympus.

390 2342 406 2405 Ι
431 2342 519 2426 felix,
544 2344 554 2405 i
577 2342 711 2427 (iambi,
734 2366 794 2407 neo
818 2343 980 2430 inhospita
1004 2364 1105 2430 regna

298 2448 506 2535 Barbaraque
529 2448 692 2514 horrueris
716 2450 878 2536 silvasque
901 2451 1023 2515 intrare
1045 2432 1255 2537 profundas¹

299 2556 426 2622 Cuncta
449 2557 508 2620 tibi
533 2557 648 2621 oedent
671 2558 812 2622 venienti
838 2568 869 2621 et
892 2579 986 2623 saera
1008 2557 1126 2622 ferenti

217 2686 265 2728 ro.
296 2663 462 2728 Pontifiois
486 2665 639 2729 mandata
662 2665 722 2749 Pii,
745 2666 800 2751 qui
824 2666 960 2750 iungere
982 2665 1016 2729 in
1040 2687 1143 2728 uuum

300 2771 385 2834 Eoos
409 2771 516 2835 studet
538 2771 703 2858 hesperiis,
729 2783 914 2858 septemque
936 2772 1034 2836 trioni

299 2876 469 2943 Subiectas
493 2878 662 2965 medioque
685 2891 832 2965 perustas
856 2879 960 2945 sidere
983 2890 1106 2966 gentes,

298 2984 374 3048 Una
398 2984 477 3050 fides
502 2996 536 3048 ut
560 2986 601 3050 sit
625 3009 685 3050 neo
708 2987 920 3073 religionibus
945 2986 1031 3051 orbis

298 3092 464 3179 Deceptus
487 3094 598 3179 pravis
622 3093 730 3157 studia
753 3095 788 3157 in
812 3095 973 3159 contraria
997 3102 1116 3178 currat,

217 3219 264 3262 ra.
295 3198 512 3285 Arbitriisque
536 3200 603 3264 suis
626 3200 794 3285 ille.haeo‚
817 3200 870 3266 hie
894 3201 950 3265 illa
974 3210 1128 3287 sequatur

296 3305 469 3391 Dogmata.
501 3307 597 3386 Quod
622 3307 739 3373 multos
763 3309 900 3373 ecelesia
924 3319 1037 3373 saneta
1060 3327 1246 3394 perennes

297 3412 399 3476 Passa
422 3413 485 3476 Dei
509 3423 566 3498 est,
590 3437 716 3500 exque
741 3414 897 3480 malesani
921 3416 1077 3481 Teutonis
1099 3436 1191 3480 error

223 3581 227 3588 .
297 3517 420 3585 Imbuit
444 3520 594 3605 ignaram
617 3520 753 3606 plebem,
777 3523 947 3609 caecisque
970 3520 1113 3589 tenebris

299 3625 450 3712 Involvit
474 3650 614 3713 veroque
637 3630 727 3713 sequi
750 3630 905 3714 figmenta
928 3630 1041 3694 relioto

214 3751 265 3796 ao.
296 3732 462 3798 Persuasit
486 3734 585 3798 fando
608 3745 639 3798 et
664 3746 789 3800 noctem
814 3759 872 3822 pro
895 3736 968 3801 lueo
991 3736 1094 3801 fateri.

301 3838 440 3926 Unaque
463 3864 544 3927 qliae
568 3842 670 3927 pietas
695 3841 808 3926 fuerat,
832 3843 980 3908 lernaens
1005 3854 1039 3907 ut
1064 3843 1191 3930 anguis,

227 4027 229 4032 7
297 3945 336 4008 In
361 3945 480 4010 multas
503 3947 651 4033 dissecta,
676 3959 773 4034 eaput
797 3949 979 4014 oervioibus
1003 3950 1077 4014 altis

300 4053 413 4116 Erexit
438 4054 564 4118 varium
587 4064 626 4138 et,
651 4065 769 4119 tetrum
793 4079 850 4141 per
874 4056 950 4120 fana
976 4079 1139 4122 venenum

298 4160 424 4244 Perque
446 4159 613 4224 hominum
637 4173 747 4226 ooetus
772 4185 936 4248 spargens,
959 4173 1127 4250 grassatur
1152 4162 1278 4252 ubique,

212 4288 264 4331 as.
295 4267 385 4328 Ausa
410 4276 536 4351 patrum
563 4291 682 4332 morem
708 4280 895 4356 veteresque
919 4271 1064 4336 refellere
1088 4271 1170 4334 ritus

229 4389 235 4403 ·
299 4372 526 4460 Romuleisque
550 4374 659 4439 ‹ioulos
685 4386 871 4462 montesque
895 4388 1039 4442 avortere
1063 4377 1103 4442 ab
1128 4378 1203 4463 aris,

299 4480 394 4544 Unde
419 4482 535 4544 anirriis
559 4481 616 4545 lux
640 4485 784 4547 exoritur
808 4484 1002 4548 nitidissima
1027 4485 1153 4569 nostris,
