3016 5310
61 203 252 209 ——-—
275 203 287 208 -
297 202 468 209 -—---——.
489 202 779 209 ..—.--.—---—t-
792 203 850 208 -ι

53 318 195 391 edendos
219 326 276 411 (ΙΙ,
302 326 367 392 173
390 331 459 413 sq),
482 328 647 414 componit
669 348 802 391 carmen
826 325 971 413 nuptiale
993 327 1027 391 in
1046 327 1202 392 honorem

52 432 198 499 Radivili
223 432 319 520 Nigri
343 434 381 517 (Ι,
407 435 449 500 18
473 434 541 521 sq),
566 435 771 522 prosequitur
786 434 870 498 votis
885 434 1104 522 victoriaeque
1121 434 1201 497 omi-

52 541 149 606 nibus
173 538 367 606 Radivilum
391 540 514 606 Rufum
530 541 769 629 expeditionem
786 539 996 606 livoniensem
1014 541 1200 628 ingredien—

52 659 115 712 tem
140 671 202 734 pro
227 647 379 735 sapphiro
404 648 465 713 sibi
490 648 609 713 donato
633 648 688 732 (ΙΙ,
714 649 799 733 105),
821 649 945 734 gratias
970 649 1114 713 sinceras
1131 647 1199 733 agit

52 754 226 822 Scasscvio
250 777 308 843 pro
330 754 521 821 muneribus
544 756 638 820 toties
663 754 724 819 sibi
748 755 865 819 oblatis
881 755 937 838 (ll,
953 755 1018 819 243
1035 760 1102 841 sq),
1126 776 1200 840 pro-

53 862 163 927 fitetur
177 873 310 948 gratum
327 863 360 926 in
377 863 600 949 Augustinum
616 862 804 927 Rotundum
821 864 965 925 animum
982 861 1038 945 (ΙΙ,
1055 863 1200 948 21186),

53 968 199 1035 celebrat
222 970 403 1033 Bononiam
427 970 482 1053 (ΙΙ,
499 971 565 1035 345
582 972 649 1056 sq),
673 970 763 1034 canit
779 970 1048 1034 resurrectionem
1064 968 1199 1033 Domini

54 1075 111 1160 (Π,
136 1076 228 1160 362),
259 1076 402 1163 explicet
433 1099 596 1141 summum
627 1076 749 1143 Christi
780 1075 821 1140 de
852 1097 960 1141 amore
991 1085 1200 1162 praeceptum

55 1183 107 1267 (ΙΙ,
131 1184 201 1249 358
226 1192 294 1271 sq),
317 1183 430 1249 laudat
453 1185 555 1249 vitam
579 1183 738 1249 caelibem
763 1184 818 1267 (11,
834 1184 900 1248 364
916 1206 974 1269 sqq
999 1184 1085 1263 374),
1108 1183 1202 1247 inve-

57 1288 142 1355 bitur
164 1292 201 1355 in
224 1290 376 1358 Olefcldii
400 1290 570 1378 perfidiam
602 1292 639 1375 (Ι,
663 1292 728 1356 296
753 1296 820 1378 sq),
851 1292 996 1376 exagitat
1027 1290 1200 1354 avaritiam

59 1399 107 1478 (ΙΙ,
133 1399 214 1477 233)
237 1410 269 1464 et
293 1398 502 1463 ambitionem
528 1399 583 1480 (ΙΙ,
607 1401 696 1483 413),
719 1397 846 1462 deridet
862 1397 1031 1485 perfidiam
1049 1397 1104 1479 (ΙΙ,
1120 1397 1199 1476 429,

60 1508 140 1587 229),
166 1508 345 1571 vanitatem
364 1506 419 1590 (ΙΙ,
435 1509 514 1588 416;
538 1509 616 1585 453;
641 1507 728 1590 470),
749 1506 924 1592 exprobrat
939 1504 1099 1587 Rubellio,
1114 1502 1200 1589 quod

61 1612 251 1677 benevolum
275 1614 421 1677 animum
444 1615 479 1677 in
502 1615 618 1700 ipsum,
642 1613 800 1677 simulans
824 1614 942 1678 verbis.
971 1612 1066 1676 factis
1091 1610 1202 1674 redar-

61 1731 132 1805 gunt
156 1720 216 1805 (ΙΙ,
239 1723 327 1804 237),
351 1732 447 1808 urget
469 1720 642 1786 Mundium
666 1720 827 1807 quendam
852 1720 892 1784 ob
916 1720 1070 1783 iniuriam
1087 1719 1202 1802 Augu—

62 1828 140 1892 stino
163 1827 318 1893 Rotundo
341 1827 466 1893 illatam
489 1851 593 1916 poeno
624 1827 834 1893 afficiendum
866 1828 921 1912 (ΙΙ,
945 1827 1032 1909 218),
1064 1826 1202 1910 denique

10 1964 12 1977 ·
63 1932 213 2000 loannem
230 1934 441 2018 Tarnovium,
464 1937 571 1999 virum
589 1957 762 2019 summum,
783 1936 851 1999 vita
867 1934 1057 2000 defunctum
1074 1932 1203 1996 intlncit

62 2041 96 2107 ‹le
117 2045 189 2107 suis
213 2043 371 2107 institutis
395 2043 556 2129 rebusque
580 2043 680 2127 gestis
704 2040 887 2128 loquentem
911 2041 966 2122 (ΙΙ,
991 2041 1033 2104 ’19
1057 2050 1124 2125 sq).

162 2149 273 2217 Semel
297 2162 437 2235 tantum,
461 2149 546 2236 qnod
572 2151 737 2235 cognitum
761 2148 911 2215 babeam.
935 2149 968 2210 in
993 2147 1137 2211 carmine
1161 2167 1202 2208 ex

63 2258 168 2323 verbis
192 2255 304 2321 latinis
328 2256 516 2344 polonisque
540 2257 694 2321 festivum
718 2258 752 2319 in
776 2254 907 2319 modum
931 2255 1033 2317 mixto
1058 2275 1134 2316 usus
1154 2260 1204 2315 est

63 2363 202 2454 Royzinr
226 2374 330 2428 metro
354 2363 508 2450 sapphico
532 2364 588 2447 (ΙΙ.
612 2365 677 2428 263
702 2368 767 2449 sq).

164 2470 242 2535 Alia
266 2484 370 2535 metra
393 2472 516 2557 respuit
541 2471 709 2557 Hispanus
732 2480 834 2556 pocta,
858 2469 891 2531 id
915 2468 1001 2554 quod
1019 2469 1088 2532 iure
1106 2467 1203 2529 mire-

60 2580 99 2643 ris
121 2579 288 2665 imprimis
311 2581 346 2642 in
370 2580 502 2644 iambici
526 2601 641 2643 versus
658 2576 771 2640 formis
788 2575 954 2662 neglectis,
978 2597 1058 2661 quas
1075 2574 1203 2660 saepius

10 2704 12 2717 ·
60 2698 86 2751 et
109 2709 130 2751 a
153 2684 287 2752 Catullo
309 2685 523 2772 Martialeqne
546 2695 577 2749 et
600 2686 641 2749 ab
666 2683 799 2749 Andree
823 2682 965 2767 Alcinio,
996 2681 1109 2770 Royzii
1134 2701 1204 2743 ma-

60 2795 168 2880 gistro,
194 2804 367 2879 usurpatas
390 2815 461 2858 esse
484 2792 642 2856 videmus.

166 2900 328 2989 Rnyzium
352 2901 385 2963 in
410 2899 612 2964 carminibus
635 2899 746 2963 latinis
771 2898 880 2962 verbis
901 2898 1071 2961 miscuisse
1087 2894 1204 2981 polone

59 3010 122 3073 iam
147 3030 250 3094 snpra
273 3008 393 3071 monui.
421 3008 474 3071 Ex
497 3007 558 3072 boc
582 3030 701 3093 genere
724 3018 773 3071 est
795 3007 865 3071 eius
889 3027 1020 3069 carmen
1045 3003 1084 3066 ln
1109 3001 1204 3065 litua-

59 3118 168 3182 nicam
200 3116 492 3202 peregrinationem
525 3115 567 3198 (Ι,
601 3117 666 3179 240
690 3119 757 3201 sq),
789 3112 979 3199 sapphicum
1011 3113 1044 3174 in
1077 3107 1205 3173 bibulos

60 3225 113 3309 (ll,
139 3224 208 3288 263
231 3228 289 3309 sq.)
312 3233 345 3286 et
367 3223 568 3308 epigramma
591 3222 631 3285 ad
649 3223 695 3285 Io.
711 3219 868 3285 Firleium
884 3220 1041 3305 scriptum
1058 3217 1113 3298 (ΙΙ,
1132 3217 1204 3299 158,

61 3331 129 3415 Ν).
153 3329 314 3398 Similiter
336 3331 401 3394 iam
426 3331 551 3416 antiqui
575 3351 693 3415 graeca
716 3328 826 3392 latinis
844 3328 1032 3391 miscebant.
1056 3323 1121 3390 Sed
1137 3323 1205 3386 Lu-

61 3438 156 3504 cilius
181 3439 216 3502 in
241 3438 359 3523 satiris,
382 3439 424 3503 bl.
448 3437 556 3509 Varro
580 3439 613 3500 in
639 3437 706 3499 suis
730 3435 917 3522 menippeis.
941 3434 1055 3500 Cicero
1079 3433 1113 3494 in
1137 3431 1205 3516 epi—

57 3546 155 3612 'stnlis
179 3544 270 3610 bunc
293 3566 414 3609 morem
439 3546 669 3611 continuerunt
688 3545 773 3608 inter
797 3542 925 3607 eosdem
951 3541 1019 3605 fere
1041 3539 1206 3621 terminos,

62 3653 238 3741 inquibus
261 3672 320 3717 nos
344 3652 518 3738 aliquando
542 3653 575 3715 in
600 3652 802 3716 sermonibus
826 3647 950 3737 polonis
971 3643 1207 3731 francogallica

63 3782 262 3848 germannvc
284 3780 489 3847 usurpamus,
512 3761 637 3846 primus
662 3781 740 3822 vero
764 3758 980 3843 antiquorum,
1004 3754 1058 3840 qni
1076 3775 1206 3839 compo-

64 3870 125 3932 suit
149 3888 282 3934 carmen
306 3864 341 3930 id
364 3889 481 3953 genus,
506 3868 558 3931 cui
583 3888 671 3931 nnnc
695 3864 901 3930 macaronico
924 3883 1040 3926 nomen
1065 3859 1203 3922 inditum

65 3987 118 4059 est,
141 3976 206 4039 fnit
230 3976 395 4038 Ausonius
419 3974 480 4058 (ed.
496 3974 612 4060 Peiper
627 3975 715 4060 Lips.
735 3974 829 4056 1886,
850 3995 901 4057 pg.
918 3970 982 4035 232
999 3973 1077 4054 sqq.)
1101 3967 1207 4030 Festi·

65 4102 142 4146 rum
164 4081 227 4146 hoc
250 4082 438 4168 comicoque
460 4080 567 4146 colore
590 4081 746 4145 infectum
771 4078 876 4166 poesis
900 4098 1017 4161 genus,
1048 4076 1113 4137 iam
1139 4070 1205 4138 XV

65 4202 133 4274 post
155 4189 232 4256 chr.
255 4210 287 4253 n.
311 4187 441 4253 saeculo
465 4187 506 4252 ab
531 4186 622 4252 ltalis
645 4188 829 4273 repetitum,
855 4185 896 4249 ad
920 4183 1123 4272 perfectioris
1139 4180 1206 4243 for—
