3016 5310
769 414 846 448 PETRl
866 414 952 448 ROYZH

351 490 366 494 -.
449 488 483 493 -..
542 486 585 491 --
601 484 729 491 ———
744 483 832 491 ——-...
852 483 941 489 ..--

322 501 394 508 ----
411 501 433 507 -
449 500 512 507 ..-
567 497 726 504 ——-

483 612 591 674 Instar
613 608 832 696 quadrupedis
855 607 1059 694 ingrediatur
1080 607 1225 672 humum.

430 716 653 802 insultentque
677 736 774 780 eanes
797 714 958 800 gradienti
982 724 1014 780 et
1037 716 1143 779 amiee
1166 714 1233 779 luto
1258 720 1348 799 sus¹‚

321 852 333 888 ιι
347 850 393 889 m.
481 824 605 909 Virque
629 822 737 909 gregis
760 823 883 885 mixtus
906 821 1137 907 congredietur
1159 843 1244 908 aper.

428 931 574 1016 Cumque
597 929 646 993 illi
668 927 771 991 multe
793 939 949 992 vexatum
972 936 1076 993 aetate
1100 926 1285 993 cudendum

483 1038 590 1122 Atque
613 1033 764 1099 adeunde
786 1035 872 1120 nigri
895 1035 986 1119 regia
1008 1034 1097 1098 Ditis
1120 1035 1189 1118 erit,

428 1143 502 1206 Non
525 1141 573 1205 illi
596 1139 736 1223 merbuS,
759 1162 823 1204 nen
847 1139 896 1204 illi
920 1140 1020 1205 febris
1045 1139 1169 1224 anhela,

482 1252 587 1314 Lentu
609 1247 762 1313 valetudo
785 1270 850 1311 nen
875 1247 958 1312 ferat
980 1246 1049 1311 ullu
1071 1268 1197 1311 neeem:

323 1381 393 1421 rm.
429 1357 606 1423 Ceniurent
628 1357 735 1420 tristes
759 1377 833 1419 osae
857 1364 954 1440 eaput
977 1355 1048 1419 eius
1071 1355 1213 1442 Erinyes
1224 1354 1246 1438 ²,

484 1462 702 1527 Eumenidum
726 1460 841 1525 infelix
865 1460 1016 1526 eeneidat
1039 1460 1094 1524 ille
1117 1483 1225 1524 manu.

432 1572 654 1657 illaetatusque
678 1568 763 1632 melo
787 1567 850 1632 leto
873 1578 905 1632 et
929 1567 1137 1650 eruciatibuS,
1161 1588 1282 1651 ereum7

484 1677 636 1762 Perpetui
658 1675 766 1739 luetus
791 1672 922 1739 conseia
945 1696 1054 1758 regna,
1078 1683 1173 1759 petet.

432 1782 500 1847 Ille.
524 1805 661 1868 sequens
684 1781 805 1866 latices,
829 1783 870 1845 eit
893 1780 1060 1864 Tantalus,
1084 1779 1216 1863 indigus
1239 1800 1342 1843 escae.

325 1912 395 1953 rte.
483 1890 642 1975 lxionque
665 1912 758 1952 sunm
781 1898 876 1971 eoget
898 1887 1018 1952 hebere
1041 1898 1153 1951 rotam.

432 1997 494 2059 Pre
518 1997 686 2084 Tityoque
710 2017 825 2059 novem
850 1995 989 2059 distento
1013 1996 1134 2079 iugera,
1158 2015 1267 2056 mersu

483 2102 577 2166 Illius
602 2102 733 2166 assiduo
757 2103 884 2166 viscere
906 2101 1040 2165 mandet
1063 2101 1144 2165 avis.

431 2209 539 2272 Peene
563 2210 604 2272 sit
626 2208 724 2292 illius,
747 2230 829 2294 ques
852 2217 980 2293 portent
1003 2207 1140 2292 Belides,
1164 2205 1280 2289 undae,

485 2317 657 2402 Poenaque
681 2316 722 2379 sit
746 2337 871 2399 saxum,
896 2313 1044 2403 Sisyphe,
1068 2314 1153 2378 ferre
1176 2324 1277 2377 tuum.

325 2444 398 2484 rte.
434 2421 637 2508 Supplicium
661 2421 701 2486 de
725 2421 790 2485 alte
814 2421 984 2507 pendentis
1007 2443 1087 2506 rupe
1109 2418 1293 2484 Promethei

485 2528 640 2613 Perferut,
664 2539 759 2614 atque
783 2551 841 2591 sue
864 2538 993 2613 peetere
1017 2536 1131 2613 paseat
1153 2549 1257 2591 erem.

432 2635 581 2721 Denique
605 2637 646 2700 sit
668 2634 800 2699 tandem
824 2635 968 2698 dirarum
993 2644 1028 2697 ut
1052 2644 1137 2698 metu
1160 2655 1315 2718 mearum,

487 2742 721 2827 [inponuntque
743 2742 812 2806 irae
835 2742 982 2805 earmina
1005 2749 1115 2803 nestra
1137 2738 1282 2802 modum:

434 2848 640 2913 llxstiuetum
664 2849 720 2934 qui
743 2848 814 2912 vult
838 2870 941 2934 papae
964 2846 1151 2912 venerabile
1175 2867 1301 2928 nemen,

325 2977 397 3015 teu.
485 2954 584 3017 lllum
609 2964 642 3017 ut
666 2976 738 3018 sere
760 2954 837 3018 olim
862 2953 969 3018 saecla
993 2954 1094 3018 fuisse
1116 2962 1243 3037 negent.

431 3060 521 3138 Quas
545 3083 664 3145 poenas
687 3059 782 3123 Pluto
806 3083 917 3124 manes
940 3059 1044 3125 edixit
1067 3060 1101 3123 in
1125 3081 1245 3142 omneq

487 3167 601 3231 Vertat
624 3169 657 3231 in
681 3167 769 3230 illius
792 3165 1050 3252 multiplicetque
1073 3175 1180 3252 eaput.

436 3378 443 3405 ¹
465 3381 559 3430 lleret.
579 3380 663 3444 Epist.
683 3383 704 3441 1,
724 3379 749 3443 2,
769 3379 812 3431 26.

435 3468 445 3494 '²
464 3470 515 3518 l'er
533 3469 666 3532 synizesiu
685 3469 835 3533 legendum,
856 3476 885 3518 ut
904 3485 983 3533 saepe
1003 3469 1030 3517 in
1044 3468 1137 3518 ultime
1150 3467 1300 3517 hexametri
1312 3466 1378 3532 pede
1392 3463 1458 3515 cons.

247 3632 252 3641 Ι
328 3557 444 3620 Euripid.
465 3557 521 3621 lph.
542 3560 621 3608 Taur.
641 3555 701 3621 931,
720 3556 781 3608 970.
802 3558 925 3606 Ceterum
944 3573 1005 3606 mus.
1025 3555 1127 3605 hebent
1144 3557 1308 3619 „Erpnnes“.
