3016 5310
177 415 206 463 4Χ
675 431 829 466 recurrero.

595 502 624 506 .-
655 502 677 506 ..
708 502 889 507 ....,-,--.
922 503 1023 510 -,-,.
1072 505 1080 507 -

185 514 245 520 ...--
260 515 369 519 ——-——
392 514 478 519 .—--—
503 515 1087 524 ----—--————--—.——-.--..
1122 517 1173 521 .—

180 635 405 706 exornaverat,
429 638 465 689 ut
488 624 568 689 illud
586 624 719 689 humani
737 624 944 712 liberalisque
961 627 1321 691 0011010100010001001

174 737 309 819 (mayor
331 731 469 817 collegio
492 731 533 796 de
557 732 622 798 San
647 731 825 814 Clemente)
851 756 950 818 usque
974 733 1015 797 ad
1040 744 1151 798 nostra
1173 755 1323 819 perman·

181 839 260 902 serit
284 850 436 924 tempora.
471 838 610 902 Duobus
635 837 703 902 fere
727 837 866 903 saeculis
889 850 977 925 post,
1008 861 1037 902 a.
1062 840 1147 904 1528
1172 838 1322 903 Andreas

181 944 293 1026 Vives,
326 946 480 1030 patricius
504 943 750 1030 aleaguicensis,
782 947 837 1030 qui
861 947 932 1031 ipse
954 945 1171 1010 albornotiani
1194 945 1323 1031 collegii

181 1049 297 1136 hospes
321 1061 399 1134 erat,
423 1050 561 1115 alterum
586 1074 770 1138 novumque
787 1051 969 1138 collegium,
993 1053 1046 1117 cui
1062 1053 1103 1118 ab
1119 1054 1190 1139 ipso
1206 1075 1322 1117 nomen

181 1168 229 1222 est
253 1157 403 1240 inditum,
427 1157 468 1221 ad
485 1158 774 1242 Alcagnioeusiuru
792 1157 995 1245 popularium
1014 1182 1107 1223 usum
1125 1158 1324 1224 condiderat.

173 1264 330 1331 (10101010
365 1276 396 1328 01
431 1265 501 1350 ipsa
533 1287 641 1328 rerum
673 1264 878 1352 publicarum
910 1265 1059 1331 condicio
1091 1265 1257 1352 Hispanos
1290 1267 1321 1330 in

181 1371 311 1436 Italiam
335 1373 503 1436 invitabat.
527 1372 611 1435 Nam
636 1370 788 1437 Sardinia
811 1384 843 1436 et
867 1372 979 1439 Sicilia
1010 1373 1076 1437 iam
1107 1383 1216 1456 antea,
1249 1372 1323 1439 inde

181 1501 201 1541 a
225 1501 309 1544 saec.
333 1479 400 1544 XV
431 1480 528 1543 etiam
560 1478 712 1565 Neapolis
744 1481 777 1542 in
806 1481 990 1565 Aragoniae
1024 1502 1137 1563 regum
1168 1479 1324 1545 ditionem

181 1584 267 1650 bello
297 1585 449 1650 redactae
473 1597 564 1667 sunt,
596 1586 841 1672 coniunctisque
873 1588 982 1670 regnis
1011 1587 1197 1671 Aragoniae
1229 1598 1323 1674 atqua

180 1693 335 1758 Castiliac
358 1694 454 1757 etiam
487 1694 518 1755 10
551 1691 648 1756 Italia
672 1692 914 1779 septentrionali
946 1695 1053 1778 gratia
1083 1693 1324 1780 auctoritasque

183 1801 324 1864 nominis
349 1800 486 1886 Hispani
511 1811 608 1864 aucta
630 1812 687 1881 est,
712 1801 902 1884 praesertim
927 1822 1001 1864 cum
1027 1801 1103 1864 inde
1126 1801 1166 1865 ab
1191 1823 1219 1865 a.
1238 1802 1322 1866 1516

182 1906 359 1974 CarolusI
391 1929 527 1992 regnum
561 1907 739 1992 Hispaniae
770 1906 906 1993 adeptus
937 1907 1087 1993 idemque
1118 1908 1159 1972 ab
1183 1930 1212 1971 a.
1238 1909 1323 1973 1519

182 2013 292 2081 Caroli
317 2014 348 2077 V
371 2015 501 2078 nomine
525 2014 722 2079 Germaniae
745 2015 919 2101 imperatur
944 2037 1017 2079 cum
1043 2014 1148 2080 Gallis
1171 2037 1323 2101 prospere

181 2120 358 2206 pugnando
383 2120 566 2184 Mediolano
589 2122 708 2207 potitus
733 2130 789 2184 est.

290 2228 351 2291 Hie
375 2228 421 2290 ita
445 2229 640 2314 comparatis
664 2227 816 2314 Royzius,
844 2230 977 2313 triginta
1002 2228 1070 2292 fere
1093 2250 1195 2291 anuos
1219 2240 1324 2312 natus,

185 2336 343 2422 Hispania
367 2335 619 2420 parentibusque
643 2334 782 2417 relictis,
806 2334 921 2399 litteris
947 2334 1167 2420 singularibus
1191 2357 1211 2399 a
1235 2333 1324 2400 Gon-

183 2441 274 2507 salvo
297 2442 468 2506 Paternoio
493 2441 649 2511 (Gonzalo
673 2442 858 2529 Pateruoy).
891 2443 1073 2506 necessario
1098 2466 1165 2525 suo,
1188 2441 1231 2505 ad
1256 2443 1324 2507 An·

182 2549 306 2613 touium
331 2549 371 2612 de
398 2549 501 2634 Hijar‚
525 2550 723 2635 praefectum
749 2549 1325 2635 010101100110110011010800000-

183 2655 337 2742 poliano,
370 2656 498 2741 scriptis
523 2655 783 2738 commendatus,
815 2657 876 2719 iter
908 2654 1077 2720 molestum
1101 2678 1159 2741 per
1181 2654 1324 2721 Galliam

183 2764 350 2848 mariaque
372 2763 405 2824 iu
431 2761 558 2826 ltaliam
583 2764 749 2847 ingressus
773 2775 829 2826 est.
853 2762 948 2842 Quod
972 2762 1101 2848 quando
1126 2762 1250 2826 factum
1275 2763 1325 2847 sit,

183 2893 258 2934 oum
283 2870 403 2934 diserte
426 2893 489 2933 nou
514 2869 670 2951 tradatur,
702 2882 809 2933 tamen
844 2881 911 2955 post
937 2870 1030 2932 101110
1053 2870 1130 2932 anni
1159 2870 1240 2933 1531
1268 2871 1324 2933 vix

183 2977 333 3042 accidere
358 2979 468 3063 potuit,
492 2977 651 3063 siquidem
675 2977 834 3063 Ropzium
859 2977 972 3040 eodem
995 2999 1080 3040 0000
1104 2988 1244 3040 excunte
1261 2978 1323 3041 iam

184 3086 218 3148 in
242 3085 338 3149 ltalia
362 3086 492 3148 affuisse
517 3085 698 3148 edocemur.
722 3085 898 3148 Veneritne
922 3085 1062 3170 primum
1086 3084 1259 3147 Patavium
1284 3107 1325 3147 an

184 3192 372 3276 Bononiam,
397 3204 544 3257 auctores
569 3192 773 3275 dissentiunt⁷
797 3214 901 3277 neque
924 3190 1062 3254 multum
1087 3192 1233 3272 interest3
1266 3191 1325 3255 1100

185 3322 262 3363 vero
287 3322 343 3385 pro
368 3311 455 3364 certo
479 3299 703 3384 accipiendum
729 3323 803 3364 cum
827 3300 860 3362 in
885 3297 980 3361 Italia
996 3299 1138 3384 quinque
1154 3298 1324 3360 minimum

185 3430 295 3489 anuos,
318 3405 508 3492 plerumque
533 3406 696 3469 Bononiae
719 3408 753 3470 in
770 3406 905 3491 collegio
923 3405 1058 3489 Vivesii‚
1082 3416 1248 3490 praeterea
1264 3405 1325 3468 Pa-

184 3514 282 3596 tavii,
307 3514 438 3578 Romae.
464 3513 600 3576 fortasse
624 3515 720 3576 etiam
746 3515 777 3576 iu
802 3512 874 3576 aliis
899 3511 1081 3577 celebribus
1104 3511 1220 3575 1101100
1244 3512 1326 3576 civi·

185 3620 307 3684 tatibus
332 3619 488 3685 discendo
512 3619 721 3705 docendoque
746 3631 875 3684 strenue
899 3632 1092 3704 occupatum
1119 3618 1230 3682 fuisse,
1255 3618 1324 3680 Ma-

186 3729 303 3813 gistros
336 3740 465 3792 secutus
496 3739 544 3790 est
575 3726 715 3790 Paulum
746 3727 923 3809 Fericium,
963 3725 1128 3788 Andrean]
1162 3724 1325 3789 Alciatum

185 3849 262 3899 natu
287 3837 449 3917 maiorem,
474 3838 693 3919 Augustinum
718 3835 877 3918 Beroium⁷
901 3833 1080 3918 dequibus
1105 3834 1173 3918 ipse
1197 3833 1326 3918 saepius

185 3954 427 4023 commemorem
454 3943 484 4004 in
511 3964 644 4005 numero
669 3963 779 4004 eorum
805 3941 905 4004 fuisse
921 3941 1016 4004 011001
1035 3938 1210 4002 Romulum
1227 3944 1328 4003 Arua-

185 4072 277 4112 seum
301 4061 331 4112 et
356 4060 504 4113 auctores
528 4048 661 4134 quidam
685 4061 769 4132 sunt,
793 4059 824 4111 01
848 4048 953 4133 ipsum
979 4069 1034 4132 per
1059 4069 1092 4109 sc
1116 4057 1165 4109 est
1188 4048 1259 4110 veri
1285 4049 1328 4110 si-

187 4156 278 4221 mile.
309 4158 461 4242 quoniam
492 4158 543 4219 vir
573 4156 627 4220 ille
660 4156 824 4219 Bononiae
855 4178 902 4217 aa.
932 4154 1148 4218 tort-1543
1176 4152 1326 4218 docuisse

185 4262 336 4328 traditur.
368 4263 548 4327 Plurimum
572 4263 691 4327 debere
716 4287 748 4326 se
773 4262 922 4326 Andreae
946 4260 1075 4325 Alciato
1103 4262 1172 4345 ipse
1197 4260 1327 4346 fatetur,

185 4368 218 4432 id
243 4370 328 4455 quod
352 4372 449 4434 etiam
474 4369 605 4434 aliunde
622 4371 769 4434 conicere
785 4392 893 4454 queas.
916 4369 1001 4431 Nam
1017 4366 1166 4431 Alciatus
1182 4367 1327 4432 ieiunam

186 4475 275 4539 illam
300 4477 488 4563 aridamque
515 4478 656 4563 priorum
682 4479 713 4540 10
739 4477 809 4539 iure
834 4474 1001 4538 tractando
1027 4475 1192 4552 1011011010,
1217 4496 1234 4535 0
1261 4476 1328 4560 pri-
