3016 5310
327 655 449 738 scripta
473 652 586 716 Ioanni
603 651 821 722 Coebanovie,
846 662 1013 738 poetarum
1031 652 1222 739 polonorum
1237 665 1307 719 tum
1324 656 1470 741 principi,

326 758 494 824 debentur.
534 759 566 822 ls
597 760 684 823 enim
716 761 761 823 ita
793 759 834 823 de
857 783 894 823 eo
919 759 1043 823 iudicat
1067 760 1155 833 (edit.
1179 782 1310 826 varsav.
1334 761 1398 826 vol.
1422 762 1470 826 III

326 867 428 953 epigr.
453 868 521 946 33):

489 993 592 1042 Ultima
611 1000 636 1042 te
657 992 780 1056 produxit
800 993 896 1053 iberis,
917 992 993 1042 docte
1013 993 1104 1057 Royai.

543 1083 648 1132 Erudiit
668 1082 782 1143 Latium,
802 1082 927 1131 carinatis
948 1097 995 1130 ora
1014 1083 1095 1144 levet,

489 1172 543 1220 Noc
563 1187 628 1235 gens
649 1170 705 1219 ulla
724 1170 790 1220 adeo
810 1178 850 1219 est
870 1187 885 1218 a
904 1171 981 1220 nobis
1000 1170 1103 1232 dissita,
1124 1188 1175 1235 quo
1195 1187 1247 1221 nen

544 1260 647 1324 Ingenii
667 1266 789 1323 penetret
808 1261 883 1308 fania
902 1259 1019 1309 secunda
1039 1260 1086 1310 tui.

328 1383 428 1449 Aliud
461 1383 605 1447 eiusdem
637 1384 837 1469 epigramma
869 1383 923 1466 (ib.
949 1385 1002 1464 75)
1034 1385 1182 1448 carmina
1211 1384 1253 1448 ab
1286 1407 1322 1448 eo
1351 1384 1468 1472 Royzio

327 1490 413 1554 dono
437 1491 535 1552 missa
559 1513 629 1554 esse
653 1488 808 1554 declarat:

489 1635 569 1699 Spica
588 1635 667 1683 datur
686 1635 783 1696 Cereri,
803 1633 917 1698 pulchra
934 1635 1014 1683 datur
1033 1650 1086 1683 uva
1107 1635 1204 1697 Lyaeo,

544 1725 667 1773 Floribus
686 1730 796 1772 ornator
816 1723 920 1772 Chloris
940 1730 966 1772 et
985 1723 1044 1787 ipsa
1063 1724 1131 1772 suis:

488 1815 547 1862 lloe
566 1819 645 1876 pacto
664 1828 749 1876 nequo
768 1829 817 1877 ego
838 1811 928 1861 videor
948 1828 1045 1874 errare,
1064 1813 1156 1876 ltoyzi,

541 1903 601 1964 Qui,
622 1902 744 1965 ‹prarnvis
763 1901 828 1964 vati,
848 1901 969 1950 carinina
988 1902 1056 1951 dono
1076 1901 1133 1964 tibi,

328 2007 393 2072 alia
416 2010 587 2073 convictus
612 2007 782 2071 familiaris
808 2008 975 2094 utriusque
998 2009 1059 2071 viri
1078 2007 1167 2072 clara
1188 2020 1321 2074 servant
1337 2009 1468 2092 vestigia

330 2116 383 2198 (ib.
408 2118 463 2196 233
489 2115 573 2181 conf.
598 2116 641 2199 II,
665 2139 717 2201 pg.
742 2117 816 2198 356,
843 2117 909 2198 14);

436 2245 510 2305 Quae
531 2243 596 2292 baec
617 2250 656 2290 est
675 2242 787 2303 invidia,
806 2258 821 2291 o
841 2242 946 2292 Phoebo
965 2242 1062 2292 dilecte
1083 2242 1174 2306 Royzi,

436 2333 472 2381 Ut
491 2348 551 2381 curn
572 2333 710 2380 socraticis
730 2332 895 2381 sermonibus
914 2339 940 2381 ot
960 2332 1015 2381 sale
1034 2332 1118 2381 multo

436 2423 478 2470 Mo
498 2421 667 2484 respersisses
688 2423 809 2485 primurn,
830 2421 1016 2485 spernentibus
1036 2421 1106 2470 idem

435 2511 497 2559 lllox
515 2511 614 2573 pateris
636 2510 764 2575 plenoque
784 2512 921 2560 incautum
941 2511 1101 2560 immerseris
1122 2513 1205 2560 anre?

434 2602 523 2649 Aurea
543 2608 570 2648 nt
590 2601 638 2650 illa
657 2600 762 2665 quidem
783 2608 830 2649 tua
848 2600 920 2649 dicta
940 2615 1083 2664 omnesque
1102 2600 1205 2664 lepores

435 2690 590 2740 Exciderint
609 2691 644 2738 mi
665 2691 761 2751 animo,
781 2705 866 2753 neque
886 2689 1028 2753 quicquam
1048 2696 1155 2753 praeter
1174 2689 1267 2738 iaccho

436 2780 520 2829 Plena
538 2780 644 2829 domum
665 2779 801 2829 attulerim
821 2786 848 2828 ot
867 2795 958 2827 somno
978 2779 1104 2828 nutantia
1122 2779 1249 2828 membra.

327 2904 470 2992 Royzius
503 2905 645 2989 corporis
677 2902 784 2966 colere
815 2913 885 2966 erat
916 2902 1008 2968 fusco
1040 2904 1096 2986 (II,
1120 2905 1194 2986 226,
1218 2903 1347 2985 XXII),
1379 2904 1471 2968 vultu

327 3034 430 3098 paene
454 3009 600 3092 deformi,
625 3009 727 3075 oculis
750 3010 969 3074 eminentibus
992 3009 1152 3096 limisque,
1176 3020 1207 3074 et
1230 3011 1276 3074 ita
1299 3009 1472 3094 debilibus,

328 3128 363 3181 ut
386 3118 429 3181 ad
452 3140 564 3182 corum
588 3119 656 3180 vim
680 3116 926 3181 sustentandam
951 3119 1063 3181 vitreis
1095 3119 1141 3181 uti
1167 3140 1269 3203 nsque
1293 3129 1472 3203 cogeretur.

328 3224 469 3288 Barbam
493 3222 658 3287 nutriebat
681 3225 844 3287 intensam
868 3225 925 3307 (II,
948 3226 1023 3308 226,
1046 3224 1165 3307 XXII,
1191 3225 1265 3307 238,
1282 3223 1399 3288 LXIV
1415 3248 1472 3312 sq.;

328 3332 393 3396 253
422 3353 501 3416 sqq.;
532 3329 616 3417 Reyi
648 3330 849 3415 epigramma
880 3353 978 3418 supra
1009 3331 1237 3417 designatum).
1278 3329 1474 3396 Valetudine

328 3437 430 3501 fnisse
453 3460 527 3500 eum
544 3437 681 3507 infirma.
706 3439 896 3523 pracsertim
913 3437 1061 3504 febribus
1079 3438 1228 3522 obnoxia,
1252 3461 1294 3503 ex
1310 3440 1367 3523 eis,
1391 3461 1474 3527 qnae

329 3566 427 3630 sopra
451 3543 491 3606 de
515 3545 584 3606 eius
609 3545 677 3607 vita
700 3544 812 3628 adtuli,
837 3547 915 3608 satis
939 3546 1053 3610 elucet.
1083 3546 1122 3610 In
1147 3545 1379 3611 Deeisionibus
1403 3548 1473 3611 eius

326 3650 512 3734 lituanieis,
543 3650 753 3716 Francofurti
784 3652 826 3715 ad
849 3654 1003 3717 Moenum
1026 3677 1055 3718 a.
1080 3655 1165 3718 1570
1188 3655 1277 3741 typis
1299 3655 1474 3740 expressis,

328 3759 362 3822 in
385 3760 491 3847 prima
515 3757 627 3823 charta
652 3758 781 3823 titulum
806 3760 880 3825 libri
904 3759 1079 3844 exhibenti,
1107 3771 1214 3825 exstat
1237 3760 1401 3826 delineata
1425 3761 1473 3826 fa·

328 3867 395 3931 cies
418 3888 590 3931 consessus
613 3866 760 3931 iudicum
784 3869 816 3929 in
842 3869 950 3930 causis
974 3867 1208 3952 cognoscendis
1232 3877 1473 3954 occupatorum.

326 3973 365 4037 In
389 3994 452 4059 quo
476 3995 631 4036 consessu
655 3974 764 4058 imago
786 3974 918 4058 iudicis,
952 3974 1111 4039 adversus
1134 3974 1317 4061 praesidem
1341 3975 1376 4037 in
1401 3975 1474 4042 lnce

325 4080 431 4166 prime
455 4077 619 4163 collocata,
650 4090 716 4143 tam
741 4091 894 4144 accurate
918 4080 1019 4146 refert
1043 4081 1135 4146 vultu
1160 4104 1211 4166 ea,
1242 4103 1326 4166 quae
1348 4080 1475 4172 Royrio

327 4187 457 4273 propria
481 4185 584 4250 fnisse
607 4186 702 4251 modo
726 4188 850 4271 monui,
883 4199 917 4252 nt
940 4210 1013 4253 earn
1036 4211 1106 4254 esse
1129 4188 1247 4277 Royzii
1269 4189 1383 4275 ipsius,
1408 4190 1475 4255 for·

327 4304 413 4358 tasse
436 4293 478 4357 ad
502 4293 670 4380 exemplar
694 4295 876 4360 aTricesio
895 4306 1044 4382 paratum
1061 4319 1258 4382 expressam,
1282 4313 1359 4362 enm
1376 4296 1474 4363 facile

327 4423 519 4487 persuasum
534 4399 699 4486 haberem,
716 4424 813 4488 snpra
829 4403 914 4468 inter
927 4427 979 4489 pg.
991 4404 1077 4469 VIII
1090 4414 1186 4490 atque
1198 4403 1249 4467 IX
1264 4406 1474 4490 repetendam

328 4528 523 4574 curaverim.

792 4603 1004 4611 ——-—.—.
