3016 5310
682 472 809 511 mmmm.

287 665 630 752 Participemque'fori
652 666 735 732 facis
758 667 948 754 augustalis,
971 679 1002 735 et
1025 676 1111 735 artos

286 772 522 860 Perplexosquo
544 771 637 838 iubos
661 795 834 839 causarum
857 774 982 841 solvere
1004 774 1138 861 nod0s1,

288 878 384 943 Haud
407 889 599 966 aspernatus
621 890 758 965 nostros,
780 881 939 967 Augusto,
962 880 1088 946 iabores

287 986 475 1051 auriferum
497 985 540 1050 ad
564 985 711 1071 Sicorim,
735 1010 873 1073 quorum
894 987 975 1052 mihi
995 988 1086 1053 testis
1108 987 1217 1057 Ilerda
1240 1000 1288 1054 est

222 1109 260 1154 as.
285 1093 500 1181 Divisumque
521 1092 637 1159 bibens
661 1093 803 1158 fecunda
822 1094 971 1159 Bononia
992 1093 1145 1160 Rhenum

286 1200 466 1265 Doctorum
485 1209 589 1265 mater
610 1222 678 1266 non
699 1200 847 1286 ignorata
871 1201 1016 1267 virorum
1026 1206 1056 1267 ²..
1106 1262 1109 1270 .

287 1306 353 1371 Nec
376 1317 435 1371 tua
458 1307 640 1371 sarmaticis
662 1306 822 1372 Cracovia
845 1306 963 1371 nobilis
986 1308 1051 1372 oris

287 1412 350 1476 Nos
374 1413 487 1498 noscit,
509 1435 621 1476 sumus
643 1411 774 1477 obscuri
797 1435 858 1478 uec
882 1412 1006 1478 scilicet
1029 1413 1092 1478 olli.

286 1519 365 1583 Bina
388 1541 485 1583 suum
507 1518 591 1582 dixit
614 1541 691 1582 nam
713 1542 766 1584 ma
788 1542 846 1606 per
868 1518 993 1583 lustrai
1014 1520 1208 1605 magistrum

218 1642 260 1686 ao.
284 1625 482 1711 Audivitque
504 1634 590 1690 artes
612 1624 794 1690 tradentem
813 1627 894 1690 iuris
917 1637 949 1690 ot
973 1627 1077 1712 aequi,

287 1712 468 1798 Solventam
491 1755 596 1797 nexus
619 1742 651 1797 et
673 1732 784 1818 legum
807 1734 991 1820 aenigmata
1014 1755 1121 1798 caeca

287 1838 369 1926 Ergo
393 1839 473 1903 dum
495 1849 595 1903 totam
618 1861 677 1926 per
699 1850 827 1904 noctem
850 1850 979 1926 pectore
1002 1838 1098 1904 volvo

286 1945 427 2033 Pervigil
449 1947 633 2010 iniunctum
656 1945 758 2031 nobis,
782 1969 841 2010 rcx
863 1946 984 2031 inclita,
1007 1969 1136 2031 munus,

286 2051 425 2116 Infirmis
448 2053 554 2139 impar
575 2053 719 2117 humeris
742 2052 938 2140 plenumque
961 2052 1091 2138 laboris,

218 2170 257 2217 ⁸⁶.
282 2158 452 2246 Ingenium
475 2170 506 2225 et
530 2160 619 2226 caclo
643 2161 791 2225 afflatum
814 2160 900 2247 quod
923 2171 1036 2247 poscat
1059 2159 1100 2224 ab
1125 2158 1202 2224 alto:

285 2265 327 2329 Ut
349 2265 426 2331 data
447 2268 553 2353 prima
576 2269 668 2354 quies
692 2269 792 2332 manti
816 2267 876 2332 sub
900 2267 1033 2331 luminis
1057 2277 1145 2331 onus

284 2371 471 2459 invasitque
494 2373 597 2438 oculis
621 2397 753 2438 somnus
776 2375 899 2460 gravis:
923 2396 1000 2439 eece
1021 2383 1091 2438 toro
1114 2373 1166 2436 vir

282 2477 379 2543 Visus
403 2478 516 2544 adesse
539 2503 611 2544 meo
634 2490 665 2544 et
688 2487 830 2565 astans⁴,
854 2482 908 2545 cui
931 2481 1018 2544 flava
1041 2502 1170 2545 severos

281 2585 445 2651 Caesaries
469 2586 579 2652 oculos
602 2587 777 2674 vultusque
800 2596 927 2652 serenat
950 2588 1081 2672 amicos,

213 2704 253 2752 ⁴0.
281 2691 422 2758 Coccina
444 2693 539 2758 laena
562 2693 662 2780 pedes
684 2693 847 2780 pendebat
870 2693 947 2757 laxa
970 2694 1030 2758 sub
1054 2695 1145 2778 imos,

281 2798 461 2886 Fasciaque
483 2823 526 2866 ex
547 2799 691 2864 humoris
715 2799 756 2863 ad
781 2800 862 2864 talos
887 2823 990 2887 usquc
1012 2800 1142 2885 fluebat,

282 2905 421 2971 Heroem
444 2906 532 2972 flexu
556 2929 727 2971 exornans.
752 2908 816 2971 Hic
839 2930 892 2972 me
914 2907 969 2971 illa
993 2907 1167 2972 cubantem

281 3012 396 3099 Erigit,
419 3022 451 3079 et
471 3035 590 3100 prensa
613 3014 723 3078 vicina
746 3013 787 3076 ad
811 3015 939 3078 moenia
962 3013 1078 3079 dextra

280 3116 426 3183 Adducit
448 3141 650 3206 magnaeque
674 3119 788 3183 domus
813 3131 887 3185 ante
910 3122 992 3184 atria
1015 3121 1108 3185 sistit.

205 3245 246 3289 ss.
276 3225 412 3290 Tectum
436 3237 611 3312 angustum
634 3227 759 3312 ingens,
783 3237 913 3291 contum
937 3226 1075 3291 sublime
1099 3226 1281 3294 columnis⁵

184 3374 377 3389 x———-

277 3543 366 3595 ¹Hoc
395 3545 497 3595 iactum
525 3560 583 3595 assa
609 3543 715 3594 videtur
742 3561 766 3595 a.
794 3543 864 3595 1550
889 3551 1002 3595 exeunte
1027 3552 1075 3594 aut
1101 3542 1169 3595 1551
1194 3545 1313 3596 ineunte.

179 3628 308 3698 Royzinm,
331 3633 386 3684 iam
410 3640 492 3684 autea
516 3632 550 3683 ad
576 3633 689 3684 consilia
714 3634 764 3683 tori
791 3634 858 3700 rogii
876 3633 1047 3699 municipalis
1072 3632 1232 3696 adhibitum,
1258 3641 1315 3682 tum

178 3717 271 3772 tseann
290 3721 439 3774 esseillius
459 3721 511 3772 fori
530 3721 713 3772 consiliarium
733 3721 895 3787 desiissoque
921 3721 1016 3773 docora
1040 3723 1067 3771 in
1093 3720 1233 3772 academia
1251 3721 1314 3771 Cra·

177 3810 287 3861 coviousi
306 3810 434 3877 suspicor.
459 3811 535 3863 Cous.
555 3826 630 3861 maao
650 3810 754 3862 dissert.
781 3810 895 3876 polonao
920 3811 952 3861 do
978 3811 1034 3861 vita
1058 3809 1153 3874 Royaii
1175 3825 1217 3876 pg.
1238 3807 1255 3859 9
1274 3824 1312 3874 sq.

178 3897 231 3951 adn.
249 3898 276 3964 53
295 3916 339 3967 pg.
358 3897 394 3952 78
412 3915 450 3966 sq.

275 3986 420 4053 ’mysius
439 3988 510 4039 euim
528 4005 636 4056 oporam
655 3992 766 4039 navavit
783 3987 879 4039 studiis
898 3988 1012 4054 primum
1038 3988 1065 4036 in
1090 3985 1230 4037 academia
1248 3985 1314 4036 llar-

178 4071 243 4127 densi
260 4076 335 4144 (anta
353 4093 379 4128 a.
399 4075 480 4140 1537)
499 4085 527 4129 ot
544 4077 640 4129 deindo
659 4078 686 4127 in
705 4078 866 4129 Bononiensi
885 4078 959 4141 (anta
977 4093 1002 4129 a.
1023 4074 1111 4139 1542).

276 4163 287 4193 ¹
304 4166 370 4217 Fuit
387 4167 458 4217 anim
478 4167 507 4217 in
527 4168 702 4218 universitate
721 4166 892 4230 Cracoviensi
916 4167 1051 4232 professor
1068 4165 1134 4215 iuris
1160 4166 1216 4216 faro
1235 4165 1270 4216 ab
1289 4178 1318 4217 a.

180 4245 240 4304 1512
258 4269 342 4321 usqua
360 4254 396 4305 ad
414 4270 439 4307 a.
459 4252 537 4308 1551.

274 4341 356 4397 ‘Sia

275 4428 286 4460 ⁵
303 4432 430 4484 Ovidium
447 4432 579 4486 imitatur:
598 4435 706 4484 Metam.
727 4435 761 4496 ΙΙ,
782 4432 798 4484 2
817 4449 861 4483 un.
