3016 5310
143 415 168 477 4
616 437 693 471 rnrm
714 438 802 471 noran

146 517 429 525 ——..——-.
437 519 447 523 -
456 520 489 524 —
1185 513 1289 522 -.—

1186 526 1287 534 ——

254 631 362 693 Mente
386 628 498 715 procul
522 628 632 716 pepuli
655 652 760 715 ouras,
784 654 872 696 nunc
895 634 1001 696 tristia
1024 645 1167 699 maestus

254 735 460 800 Funebribus
484 736 642 823 plangens
665 739 809 802 numeris
832 739 966 803 exordia
991 745 1148 806 surnam¹.

195 865 221 908 s.
342 844 470 929 Aspim,
493 866 610 928 magne
634 867 653 906 o
677 843 817 929 Samuel,
841 844 921 909 mihi
944 847 1058 911 suffice
1082 870 1225 936 carmen,

253 950 439 1034 Praesidae,
462 949 551 1013 velut
574 960 657 1033 ante,
680 952 745 1014 tuis
769 962 801 1016 et
826 952 941 1016 funera
964 953 1054 1017 ilenti

253 1059 339 1121 Ante
362 1058 409 1120 tui
434 1057 593 1121 cessoris2
617 1057 702 1122 ades.
739 1058 802 1122 Seu
826 1057 946 1145 templa
970 1059 1113 1145 deorum,

252 1165 393 1247 Augusti
419 1186 476 1227 seu
500 1162 587 1227 celsa
611 1175 697 1228 tenet
721 1175 752 1228 tc
776 1166 867 1229 curia
890 1166 977 1251 regis

253 1270 372 1334 Inclita
395 1269 575 1354 Sarmatici,
599 1270 819 1335 moderantem
842 1273 915 1335 iura
939 1285 1078 1357 senatus,

174 1399 220 1442 ro.
251 1375 327 1442 Sive
349 1377 398 1439 tui
421 1398 529 1440 rerum
552 1399 677 1441 vacuus
699 1378 871 1442 Pradnieis
895 1378 936 1442 ad
962 1379 1082 1442 undam

253 1482 384 1547 Fronde
408 1506 506 1569 super
528 1483 625 1547 viridi
650 1483 786 1548 recubas
812 1495 843 1548 et
865 1496 952 1549 tecta
975 1485 1115 1572 superba

252 1589 383 1653 Miraris
406 1600 472 1674 tua,
496 1589 619 1654 sidereo
643 1612 725 1674 quae
748 1589 833 1653 tollis
857 1590 1040 1679 Olympo:8

254 1695 319 1774 Qui
343 1706 373 1759 te
398 1718 536 1780 cumque
557 1706 644 1760 tenet
666 1695 766 1780 locus,
791 1696 887 1760 adsis,
911 1696 1035 1762 Flebile
1059 1701 1165 1764 sancti

252 1802 420 1866 Pontificis
445 1802 543 1864 funus
566 1802 683 1887 dicam,
706 1805 770 1888 qui,
794 1826 908 1868 caesus
931 1804 972 1867 ad
993 1827 1083 1867 aram

174 1930 221 1973 15.
253 1907 303 1973 Ob
327 1906 492 1973 Christum
516 1909 690 1994 templique
714 1909 814 1974 decus
838 1909 977 1974 laniatus
1001 1920 1032 1974 et
1056 1920 1155 1995 artus,

254 2014 440 2098 Infandum,
464 2016 549 2100 regis
572 2015 687 2079 dextra
711 2038 905 2102 sparsusque
929 2038 986 2101 per
1009 2038 1106 2080 auras

252 2120 459 2207 Alitibusque
483 2122 559 2184 seris
584 2121 679 2184 datus
703 2144 786 2205 escae,
810 2122 846 2185 fit
869 2123 994 2207 integer
1017 2122 1092 2186 olim

256 2228 491 2315 Extemploquc
516 2252 574 2293 suo
598 2230 743 2293 coierunt
767 2230 912 2294 membra
934 2242 1053 2295 tenore.

344 2336 471 2401 Christe
484 2335 564 2399 mihi
577 2358 692 2399 causas
706 2359 856 2422 memora,
872 2337 990 2423 quibas
1006 2337 1114 2402 exeita
1127 2339 1293 2424 quondam

174 2465 222 2508 ao.
253 2443 308 2507 Ira
331 2442 471 2507 Boleslai
494 2443 638 2507 exarsit?
662 2465 721 2507 eur
744 2445 834 2529 regia
856 2444 971 2508 dextra

256 2549 363 2615 Caede
387 2548 585 2616 Stanislaum
610 2548 735 2613 erudeli
758 2549 928 2614 obtruncat
952 2550 993 2613 ad
1017 2573 1090 2613 aras

255 2657 468 2720 Pontificem?
492 2667 642 2720 tantaene
667 2656 783 2719 animis
807 2655 971 2741 regalibus
994 2657 1106 2721 111θῖΗ

345 2763 455 2826 Iustus
479 2773 546 2826 erat
569 2762 708 2849 praesul,
732 2786 794 2847 quo
819 2786 882 2826 non
906 2764 1120 2849 praestantior
1144 2763 1229 2830 alter

256 2869 320 2934 Ore
345 2870 429 2933 ciere
452 2870 538 2933 viros
563 2871 750 2954 animosque
774 2868 919 2934 attollere
944 2868 1042 2954 caelo,

176 2997 224 3040 aa.
257 2976 405 3041 Sarmata
430 2976 637 3042 Sauromatas
663 2977 745 3039 inter
769 2977 993 3040 sanctissimus
1018 2999 1112 3061 unus,

258 3083 360 3146 Fama
382 3084 498 3168 ingens
522 3083 689 3168 factisque,
712 3092 797 3167 tuus,
822 3083 988 3166 Cracoria,
1012 3083 1151 3170 praesul,

152 3298 296 3305 —.——--.
319 3299 355 3304 ...-

259 3425 267 3454 ¹
293 3427 418 3476 Imitatur
436 3427 495 3475 illos
516 3426 669 3481 versiculos,
691 3425 737 3489 qui
757 3424 836 3490 vulgo
856 3426 1065 3490 praemittuntur
1084 3427 1112 3475 in
1131 3426 1208 3477 libris
1231 3429 1297 3479 Ver·

150 3516 198 3583 gili
216 3514 342 3567 Aeneidi:
362 3514 411 3564 lile
430 3531 487 3579 ego,
507 3515 552 3578 qai
570 3514 704 3579 quondam
724 3514 819 3579 gracili
839 3514 990 3564 modulatus
1003 3530 1091 3564 arena
1102 3516 1219 3567 Carmen
1230 3523 1296 3567 cett.

258 3601 268 3631 ¹
293 3620 328 3654 se.
349 3604 392 3654 111,
407 3603 542 3663 stanislai,
559 3603 676 3667 episcopi
690 3602 883 3653 cracoviensis.
903 3603 954 3654 Sed
968 3605 1081 3654 fortasse
1092 3604 1207 3655 Carmen
1220 3606 1297 3656 fune·

150 3696 197 3745 bre
216 3694 244 3743 in
263 3695 338 3745 obitu
359 3693 429 3743 Petri
448 3677 569 3743 Ganirati
589 3706 614 3744 a.
635 3689 739 3743 11451
758 3707 786 3741 se
806 3693 931 3742 emissum
951 3693 1046 3758 tangit.
1066 3693 1205 3758 suspicari
1224 3693 1298 3744 enim

150 3783 250 3834 liceto
268 3783 392 3834 Samuele
412 3780 593 3846 Maciejowski
612 3781 760 3846 impensam
780 3781 807 3830 in
827 3796 933 3831 carmen
953 3780 1019 3830 illud
1041 3780 1173 3831 edendum
1195 3783 1299 3833 factam

150 3889 209 3924 esse
228 3887 340 3936 eamque
358 3887 413 3921 rem
433 3870 520 3920 notari
539 3871 641 3921 verbis:
668 3869 825 3933 „praesidiis
849 3872 931 3920 cett“.
962 3869 1064 3920 Tmesis
1090 3869 1117 3918 in
1137 3884 1202 3921 voce
1221 3877 1298 3922 ante·

150 3963 263 4014 cessoris
283 3959 470 4011 consuetudini
489 3960 647 4023 optimorum
667 3959 826 4024 scriptorum
846 3965 987 4023 repugnat.

260 4047 270 4077 ⁸
295 4048 445 4112 Descripsit
462 4046 531 4097 hanc
551 4046 650 4106 villam,
677 4048 711 4097 ab
736 4048 793 4113 ipso
819 4046 944 4098 Samuele
968 4045 1152 4110 Maciejowski
1177 4047 1206 4096 in
1227 4062 1300 4114 pago

151 4137 270 4204 Pradnik
289 4139 432 4200 Caerwony
451 4136 485 4186 ad
504 4136 640 4185 fluviolum
660 4136 776 4186 eiusdem
791 4136 905 4185 nominis
924 4134 1103 4196 aedificatam,
1123 4135 1200 4186 euius
1215 4136 1298 4187 etiam

149 4244 221 4278 nano
240 4228 306 4277 satis
326 4226 486 4290 conspicuae
505 4232 646 4276 servantur
665 4225 802 4290 reliquiae,
829 4226 917 4274 Lucas
937 4222 1066 4275 deieki
1091 4223 1120 4272 in
1144 4223 1215 4274 libro
1233 4240 1260 4290 q.
1279 4225 1296 4276 i.

149 4316 310 4367 Dworaanin
330 4314 425 4380 polslri.
457 4315 544 4364 Locus
563 4312 687 4363 similiter
705 4313 868 4378 compositus
895 4321 935 4363 est
957 4313 985 4361 in
1004 4312 1109 4362 Lucani
1127 4311 1250 4364 Pharsai.
1274 4313 1299 4377 1,

210 4421 222 4454 1
261 4444 265 4453 .

149 4403 187 4459 48
224 4422 268 4522 qq⁴
295 4495 377 4543 Totus
396 4492 440 4543 hic
458 4491 532 4542 locus
551 4491 657 4543 effictus
677 4491 770 4542 estad
789 4491 891 4557 Vergili
910 4494 976 4541 Aen.
996 4491 1009 4540 1
1028 4504 1073 4543 vv.
1092 4487 1190 4542 8-11.
