3016 5310
569 495 728 531 futurarm.

62 688 112 754 de
135 712 175 754 eo
197 689 257 754 lati
280 690 463 776 paeniteret
486 689 543 775 (Π,
569 690 642 775 132,
667 691 776 773 5-7).
811 689 886 774 Qui,
910 690 1084 755 destitutus
1112 713 1169 778 spe
1191 700 1226 757 et

64 799 218 885 prosperi
241 799 277 861 iu
299 797 440 883 patriam
462 795 588 862 reditus
611 807 643 861 et
659 795 817 861 ecclcsiae
833 797 1073 882 samogitiensis
1093 797 1136 861 ad
1152 819 1221 862 me·

67 903 186 968 liorem
212 903 438 969 condicionem
462 902 680 988 revocandae,
711 903 905 969 vacuefacto
935 914 1005 967 tum
1029 902 1148 969 Vilnae
1178 903 1222 969 ad

64 1010 122 1075 sti.
147 1010 282 1075 Ioannis
306 1008 583 1098 archipresbyteri
607 1032 749 1096 munere,
772 1032 810 1075 8ο
833 1010 1012 1096 impensius
1036 1011 1097 1074 niti
1117 1011 1224 1097 coepit

67 1117 113 1181 ad
137 1116 221 1181 illud
246 1115 497 1204 impetrandum.
521 1115 704 1202 Supersunt
727 1116 834 1182 adhuc
858 1117 1012 1201 carmina,
1035 1140 1077 1182 ex
1100 1117 1220 1204 quibus

66 1246 136 1288 non
161 1222 267 1289 solum
291 1225 353 1311 ipsi
376 1224 465 1309 regi,
496 1225 554 1310 qui
585 1223 668 1287 illud
697 1247 815 1288 munus
847 1223 995 1289 conferre
1017 1235 1143 1310 poterat
1166 1224 1222 1310 (Π,

67 1333 114 1396 25
138 1355 194 1418 sq,
218 1330 271 1396 IX
296 1341 328 1395 et
351 1330 409 1416 X),
434 1330 490 1395 sed
515 1331 612 1395 etiam
635 1331 731 1395 Petro
755 1331 935 1420 Myscoviq
958 1341 1028 1394 tum
1051 1332 1145 1417 regni
1165 1353 1222 1418 po·

65 1436 138 1502 loni
161 1436 420 1524 procaucellario
444 1437 500 1522 (ΙΙ,
526 1438 589 1503 108
614 1461 669 1524 sq„
693 1439 745 1523 28,
762 1437 819 1522 Π),
842 1449 939 1525 atque
958 1437 1120 1527 Raditum,
1143 1437 1221 1504 duci

63 1547 103 1609 in
127 1544 225 1608 Buce
248 1555 280 1608 et
302 1543 463 1630 Dobingi‚
485 1545 543 1631 qui
558 1545 628 1631 ipso
643 1544 706 1609 hoc
721 1555 866 1632 tempore
882 1544 1045 1631 palatinus
1061 1545 1219 1610 vilnensis

60 1649 353 1737 cancellariusque
375 1649 521 1715 lituauus
544 1650 650 1715 factus
678 1662 727 1716 est
750 1651 910 1739 pauloque
940 1661 1014 1715 ante
1045 1650 1121 1714 fidei
1153 1651 1221 1717 cal-

64 1757 203 1822 vinicae
227 1779 262 1821 se
285 1757 457 1821 addixerat
480 1757 536 1841 (Π,
562 1759 625 1823 193
650 1766 716 1844 sq),
741 1768 777 1822 ut
800 1781 834 1822 se
858 1759 928 1844 regi
944 1757 1219 1844 commendarent,

62 1863 233 1953 Royzium
256 1864 409 1950 precibus
432 1864 589 1929 institisse
612 1867 820 1951 perspicuum
836 1876 893 1929 est.
918 1867 967 1929 Ac
990 1875 1060 1928 tum
1084 1864 1216 1950 quidem

58 1980 209 2037 <conatus
231 1970 281 2036 illi
304 1970 392 2036 baud
416 1982 509 2036 erant
532 1973 625 2037 irriti.
649 1974 745 2036 Anno
770 1973 857 2036 euim
883 1973 976 2036 1566·
990 1981 1138 2054 exeunte,
1162 1981 1219 2037 aut

64 2080 205 2143 ineunte
230 2079 314 2143 1567
339 2077 483 2167 Royuius
507 2077 805 2166 archipresbyteria
827 2077 884 2142 illa
907 2079 1027 2164 potitus
1051 2088 1109 2162 est,
1140 2078 1220 2142 fuit-

61 2207 133 2271 que
156 2184 239 2248 illud
262 2184 325 2271 ipsi
349 2185 480 2249 initium
504 2184 543 2248 ad
569 2185 742 2272 ampliores
766 2185 935 2270 dignitatis
958 2184 1082 2270 gradus
1099 2183 1218 2252 Viluae

63 2291 280 2356 ascendendi.
303 2291 436 2355 Etenim
459 2291 525 2354 iam
548 2293 673 2356 octobri
697 2314 724 2356 a.
751 2293 834 2356 1567
861 2292 1038 2356 canonicus
1058 2290 1217 2357 vilnensis

62 2397 236 2463 inlocum
268 2409 341 2484 post
365 2397 550 2462 Virbicium
580 2399 768 2485 episcopum
802 2398 1043 2463 mednicensem
1071 2409 1216 2462 creatum

61 2507 238 2571 etiamtum
262 2526 406 2570 vacuum
430 2507 588 2569 successit
619 2516 651 2570 81
682 2517 821 2591 augusto
852 2528 879 2569 a.
906 2505 991 2570 1569
1024 2515 1131 2570 custos
1163 2527 1218 2570 ca-

62 2610 228 2676 thedralis
246 2610 404 2675 vilnensis
420 2611 542 2676 electus
558 2623 615 2676 est.
636 2613 794 2677 Decrevit
808 2612 859 2675 his
875 2611 1074 2697 temporibus
1091 2613 1218 2697 capitu-

62 2718 134 2782 lum
162 2718 321 2802 vilnense‚
352 2728 387 2782 ut
419 2717 523 2782 solum
547 2721 695 2783 canonici
719 2719 870 2784 omnibus
894 2719 996 2783 sacris
1021 2719 1139 2781 initiati
1164 2719 1215 2783 in-

62 2838 159 2912 tegro
183 2826 235 2889 sui
258 2826 404 2890 muueris
427 2825 544 2909 reditu,
569 2825 697 2890 diaconi
722 2825 867 2911 dimdia,
891 2825 1083 2890 subdiaconi
1098 2835 1215 2911 quarta

61 2931 215 2997 eiusdem
238 2942 332 3019 parte
356 2931 551 3017 fruerentur,
575 2932 686 2996 clerici
710 2954 789 2996 vero
812 2933 900 2996 omni
924 2932 1033 2996 fructu
1058 2942 1216 2996 carerent.

61 3038 130 3106 Sed
154 3039 290 3128 Royzio,
312 3061 511 3126 quamquam
534 3039 681 3125 diacono,
712 3041 839 3125 integer
863 3039 986 3104 reditus
1010 3038 1143 3104 relictus
1166 3050 1216 3104 eet

61 3169 104 3212 ea
128 3144 331 3230 condicione⁷
355 3156 391 3209 ut
413 3169 471 3232 pro
494 3145 621 3211 viribus
645 3147 718 3211 iura
740 3146 889 3233 bonaque
910 3145 1044 3232 capituli
1060 3156 1215 3212 tueretur.

63 3252 356 3342 Archipresbyteri
392 3252 433 3317 ad
469 3254 520 3319 sti.
554 3253 686 3317 Ioannis
724 3255 854 3317 nomine
892 3252 1034 3340 praefuit
1071 3252 1216 3341 Royziue

63 3359 198 3425 scholae
222 3381 298 3423 cum
322 3359 380 3423 illa
402 3359 542 3424 ecclesia
567 3361 767 3444 coniunctae,
791 3381 889 3446 quam
913 3371 982 3423 arte
1002 3358 1216 3445 diligentique

64 3489 147 3532 cura
170 3468 218 3532 ita
241 3488 419 3531 exornasse
442 3466 688 3555 excoluisseque
718 3467 830 3550 fertur,
861 3477 897 3529 ut
927 3465 1115 3530 academiae
1146 3465 1215 3531 fere

65 3574 210 3661 speciem
233 3595 313 3660 prae
336 3595 371 3637 ee
394 3573 503 3638 ferret.
526 3574 583 3637 lus
606 3596 777 3638 romanum
800 3573 1024 3658 lituanumque
1044 3573 1078 3634 in
1094 3594 1132 3636 ea
1148 3582 1215 3637 tra·

66 3680 170 3745 ditum
197 3703 269 3745 esse
292 3682 465 3767 ipsumque
489 3680 649 3771 Royzium
674 3680 820 3745 docendo
844 3681 908 3743 iuri
931 3700 1066 3742 romano
1082 3678 1215 3743 litteris-

65 3811 128 3875 que
151 3788 283 3874 graecis
305 3788 340 3851 in
364 3787 479 3852 eadem
502 3809 633 3874 operam
656 3810 796 3853 navasse
821 3797 1083 3851 commemorant.

174 3895 238 3960 Hie
268 3894 316 3958 ita
345 3895 541 3981 comparatis
572 3917 673 3958 unum
705 3894 825 3979 obfuit,
863 3893 1035 3981 quominus
1069 3892 1213 3981 Royzius

67 4001 199 4066 fortuna
222 4023 283 4065 sua
305 4001 394 4065 omni
417 4022 460 4066 ex
483 4012 575 4087 parte
602 4001 745 4087 gaudere
775 4012 895 4087 posset:
927 3998 1124 4086 stipendium
1156 4022 1216 4064 an-

68 4131 185 4192 nuum,
215 4108 304 4194 regis
328 4107 514 4173 consiliario
538 4107 701 4195 debitum,
729 4108 813 4173 solvi
836 4108 865 4172 ei
889 4107 1030 4171 desitum
1054 4116 1102 4171 881
1127 4108 1215 4174 circa

68 4238 96 4280 a.
119 4217 216 4281 1567.
240 4214 337 4297 Quod
360 4237 426 4303 qua
447 4216 574 4280 ratione
598 4215 723 4280 factum
740 4217 795 4300 sit,
819 4237 884 4279 non
900 4214 979 4277 satis
995 4212 1105 4299 liquet.
1127 4213 1218 4303 Roy-

67 4322 135 4387 uius
157 4321 293 4409 quidem
317 4321 485 4388 contendit
507 4345 573 4387 non
596 4321 739 4388 ablatam
763 4321 827 4386 sibi
849 4342 920 4386 esse
936 4320 1133 4407 pensionem,
1157 4319 1216 4386 sed

69 4428 259 4494 translatam
283 4451 302 4493 a
326 4428 439 4494 salinis
463 4428 709 4494 vieliciensibus
733 4428 776 4493 ad
799 4428 964 4493 aerarium
986 4427 1127 4512 regium,
1158 4449 1215 4513 pe·

69 4537 167 4624 titque
192 4559 212 4602 a
235 4559 322 4622 rege,
345 4547 382 4602 ut
405 4538 466 4623 ipsi
491 4559 563 4601 eam
587 4536 820 4621 assignandam
844 4535 1019 4599 decernere
1041 4533 1130 4618 velit,
1154 4534 1216 4598 ali·

1051 4660 1108 4708 lii*
