3016 5310
521 469 627 504 CARNEN
646 470 866 505 'I'UNULTUABII‘M-

233 663 304 728 Hoo
329 685 420 727 meus
444 662 625 748 astrologus
649 662 747 747 iubet,
770 662 832 729 hoe.
859 673 890 728 et
914 663 1019 731 sidera
1044 665 1129 728 iurat

168 794 194 834 o.
229 770 350 834 Dicere
373 781 641 855 spargentemque
664 770 738 856 polo
762 793 821 834 sua
844 770 969 834 lumina
991 770 1173 835 Phoebum!

320 876 481 940 Invenere
505 877 592 939 viam
617 877 772 962 astrologi
796 877 858 942 sibi
882 877 1021 942 subdere
1044 899 1156 964 regam

230 982 366 1068 Sceptra
390 982 609 1069 superborum,
633 1007 692 1047 sna
716 984 847 1070 regibus
871 994 957 1048 astro
981 984 1159 1070 loquentes:

231 1089 407 1176 Imperium
432 1091 466 1152 in
490 1089 624 1176 populos
648 1090 709 1154 bae.
734 1103 809 1154 sunt
832 1092 956 1155 ratione
980 1093 1091 1174 secuti,

230 1197 271 1260 In
295 1196 485 1282 plebemque
509 1199 657 1281 ignaram
680 1209 711 1261 et
735 1196 901 1282 religionis
924 1221 1070 1283 egenam.

188 1354 196 1368 .
228 1303 407 1389 Astrologil
432 1304 525 1368 vobis
550 1315 662 1390 piarent
686 1304 737 1368 hie
763 1305 851 1368 orbis
875 1316 906 1369 et·
930 1305 1018 1383 alter,

229 1409 408 1496 Plebesque
431 1422 602 1497 patresque
618 1435 729 1475 omnes
745 1424 785 1488 et,
808 1413 863 1498 qai
880 1413 963 1498 regit
979 1413 1095 1477 tannia.
1121 1433 1233 1476 eaesae
1244 1415 1265 1475 ¹.

230 1518 407 1604 Imperium
432 1529 588 1602 exereete,
613 1519 685 1583 viri.
708 1530 857 1583 exereete
881 1518 1056 1605 superbum

231 1625 407 1711 Imperium
433 1627 465 1688 in
491 1648 597 1689 rerum
622 1625 770 1688 dominos
794 1636 825 1689 et
850 1649 975 1689 summa
999 1636 1154 1689 tenentes.

231 1732 411 1819 Praecipite
435 1756 475 1796 ex
500 1733 604 1807 astris,
628 1745 657 1795 et
682 1743 748 1796 toto
773 1734 914 1818 spargite
939 1732 1039 1817 vulgo

190 1890 196 1904 .
229 1841 308 1904 Fata
332 1841 502 1926 obitusque
525 1840 691 1905 hominnm
717 1840 913 1925 mentitaque
936 1839 1051 1902 funera
1075 1860 1197 1922 regum.

230 1947 420 2032 Astrologos
443 1970 462 2007 o
486 1946 669 2032 sacrilegos.
693 1973 712 2009 o
735 1947 873 2033 pessima
899 1968 1006 2010 rerum

229 2053 380 2137 Nomina,
403 2055 530 2118 mentiri
555 2055 648 2117 terris
671 2055 726 2139 qui
751 2055 867 2137 eogitis
891 2063 987 2136 astra,

230 2161 331 2246 Digni
356 2162 549 2247 praeeipites
574 2160 662 2223 volvi
688 2159 917 2246 phlegethonta
941 2159 1001 2223 sub
1027 2160 1140 2223 inrum!

230 2268 271 2331 Et
296 2292 353 2331 vos
378 2293 397 2329 o
421 2268 544 2350 stultos,
568 2269 622 2352 qui
647 2268 744 2330 Divis
769 2279 854 2330 astra
880 2267 1003 2331 reliotis

189 2425 195 2437 .
232 2373 431 2438 Observatis.
456 2374 542 2460 upnd
565 2398 646 2460 quos
669 2374 743 2459 plue
767 2376 846 2438 Iove
870 2374 975 2438 sidera
999 2384 1145 2460 possunt:

230 2481 340 2566 Digna
364 2482 548 2566 superstitio
573 2482 683 2567 poenis
704 2492 735 2545 et
759 2504 901 2566 gorgone
925 2504 1031 2556 sama,

229 2587 336 2667 Quam
361 2588 466 2652 malus
490 2590 632 2654 antistes.
655 2612 752 2674 qaram
778 2611 950 2652 servavere
975 2589 1115 2676 tyranni.

229 2696 319 2773 Quos
344 2719 403 2760 nee-
428 2696 541 2777 religio
564 2696 688 2759 Divum
714 2718 773 2759 nee
797 2696 903 2781 gratie
926 2696 1039 2779 tangit.

228 2801 317 2867 Olim
341 2826 423 2887 quae
446 2802 529 2865 nulli
553 2804 649 2865 ressit
674 2803 763 2886 bene,
788 2801 928 2888 perdidit
952 2824 1062 2864 omnes

187 2960 193 2972 .
230 2908 420 2994 Oblitosque
443 2909 549 2972 Deam
576 2909 636 2972 sub
660 2919 780 2972 tautam
807 2909 909 2972 volvit
934 2911 1069 2971 averna!

318 3016 453 3099 Discite,
478 3015 697 3079 Sauromatae.
722 3015 830 3078 stellas
854 3027 1059 3078 eontemnere
1084 3024 1115 3078 et
1139 3027 1226 3079 astra

230 3123 434 3207 Inieetosque
458 3133 562 3185 metus
587 3124 682 3185 wratis
707 3147 722 3184 a
749 3123 879 3186 vatibus
903 3123 988 3185 olim.

229 3229 386 3294 Graeoria
413 3231 546 3292 antistes
572 3229 700 3292 Samuel
726 3242 835 3293 eontra
861 3241 946 3293 astra
972 3230 1136 3316 malosque

230 3335 417 3417 Astrologos
443 3359 539 3416 aeger
563 3359 666 3422 nuper
689 3337 880 3401 diseesserat
907 3337 997 3400 urbe:

188 3491 195 3505 .
231 3441 325 3503 Nune
352 3442 434 3504 redit
458 3467 533 3504 eeee
561 3443 672 3506 valens
696 3445 821 3506 firmato
845 3466 989 3529 torpore:
1016 3445 1159 3530 priseunr

228 3548 341 3611 Rolnu·
365 3550 464 3613 adest.
489 3549 608 3612 hilares
632 3551 727 3614 oriali.
753 3551 849 3614 deeor
872 3552 937 3613 oris
961 3563 989 3614 et
1017 3550 1069 3613 ille

228 3655 346 3718 Laetae
373 3657 487 3718 frontis
512 3657 624 3720 bonos:
649 3681 711 3720 non
738 3670 920 3738 :aegrotasse
945 3668 1080 3743 putetur.

229 3763 292 3840 (tari
319 3763 413 3824 modo
438 3763 551 3827 leetiea
577 3763 708 3826 elaasus
735 3765 906 3848 inultisque
931 3766 1097 3826 rerinetns

228 3868 381 3952 Pellibus,
407 3872 576 3955 Impatiens
602 3871 747 3956 etreliqne.
771 3884 801 3933 et
827 3872 956 3951 frigoris
980 3871 1075 3955 aspri.

186 4027 193 4039 .
228 3977 357 4039 Durum
384 3979 547 4059 ingressas
572 3979 639 4054 iter,
664 3979 822 4059 languens
847 4001 902 4040 sua
929 3979 1053 4040 moenia
1079 3977 1184 4062 liquit:

228 4083 351 4146 Vectas
376 4109 457 4170 equo
483 4086 562 4148 redit
589 4087 703 4147 innniti
727 4109 920 4170 gressusque
947 4085 1060 4147 ferenti

229 4351 236 4379 ¹
259 4353 308 4401 llis
328 4355 397 4402 enirn
418 4356 580 4418 temporibus
601 4362 676 4406 tanta
696 4362 752 4404 erut
772 4356 933 4420 astrologiae
954 4357 1109 4407 urretoritas.
1137 4364 1164 4404 ut
1185 4353 1265 4418 vulgo

168 4441 315 4490 doctissimi
338 4444 442 4506 quidem
464 4445 512 4492 tiri
533 4461 592 4493 eum
612 4452 818 4508 aspernarentur
839 4445 1058 4508 praedit-tamque
1075 4446 1109 4494 ab
1124 4441 1265 4507 astrologis

164 4545 263 4580 annum
287 4530 354 4582 tez’t
374 4550 510 4583 eoanaune
531 4534 659 4582 diluvium
681 4550 782 4581 suanno
798 4549 858 4582 cunr
878 4542 950 4580 meta
965 4549 1055 4581 omnes
1070 4538 1264 4597 exspectarent·
