3016 5310
316 455 384 521 130
793 474 977 509 mamona

427 667 559 733 Scilicet
583 669 711 751 amisso,
735 689 861 731 sacram
885 668 1002 733 fecisse
1025 667 1133 731 Deum
1158 689 1236 731 rem.

319 796 390 839 roo.
426 772 634 839 Padnevius¹
659 775 787 861 praesul
812 797 890 839 ausu
913 774 1038 860 lugebit
1062 773 1179 840 acerbo

427 881 558 965 Audito,
581 881 722 969 liquidas
746 881 864 945 Vilnae
888 881 1056 946 submotus
1080 879 1122 945 ad
1146 879 1261 965 undas,

423 989 465 1051 Et
492 989 561 1074 regi
584 990 734 1073 Augusto
757 988 909 1052 lacrimas
933 988 1112 1074 geminabit
1135 987 1275 1071 obortas,

421 1095 485 1159 Ros
508 1105 616 1180 gestas
640 1096 750 1179 magni
775 1118 957 1159 memorans
980 1096 1122 1160 victoris.
1146 1093 1288 1183 Olympo

421 1201 584 1288 Aequabit
608 1202 704 1267 dictis
727 1203 891 1266 victurum
915 1203 948 1266 in
973 1202 1104 1266 saecula
1128 1223 1255 1266 nomen.

361 1331 387 1372 s.
421 1309 490 1373 Nec
513 1318 599 1393 tuus,
622 1308 774 1374 Uolumni
787 1314 806 1392 ²,
830 1308 969 1373 cessabit
992 1308 1151 1394 planctus,
1175 1310 1281 1373 amieo

423 1416 603 1500 Exstincto,
626 1417 659 1479 in
684 1439 810 1480 summo
834 1417 888 1502 qui
913 1415 1076 1501 quendam
1101 1438 1227 1502 semper
1248 1415 1372 1483 honore

422 1523 481 1585 Est
504 1521 635 1586 habitus
658 1522 730 1604 tibi3
755 1523 808 1587 cui
832 1525 955 1608 priscas
978 1521 1093 1587 heroas
1117 1533 1149 1587 et
1172 1545 1291 1588 aevum

422 1629 536 1713 Omne,
560 1630 646 1716 qnod
669 1640 822 1694 exactum
845 1642 901 1713 est,
932 1628 1020 1693 baud
1048 1629 1275 1715 posthabuisse
1305 1629 1452 1717 pigebit³

423 1737 492 1800 Nec
516 1736 666 1819 Volscus,
690 1760 753 1824 quo
777 1735 919 1820 Chelme,
944 1748 1008 1821 aut,
1031 1760 1094 1823 quo
1117 1737 1290 1802 Premislia
1312 1736 1431 1825 gaudet

385 1893 391 1906 .
428 1844 594 1926 Pantilius,
618 1843 807 1928 Herbortus,
833 1866 892 1908 nec
916 1866 979 1930 quo
1003 1844 1229 1928 Camenecia4,
1253 1844 1349 1910 celsis

425 1949 502 2014 Alta
525 1951 620 2035 iugis,
644 1973 743 2036 supra
766 1950 916 2014 attollens
937 1972 971 2015 se
995 1950 1130 2037 rupibus
1155 1960 1252 2034 astra,

424 2059 593 2144 Aspicient
616 2058 712 2122 siccis
736 2057 838 2122 oculis
862 2057 942 2123 haee
967 2060 1093 2122 funera:
1118 2058 1251 2123 flebunt.

424 2165 568 2228 Ultimus
590 2163 644 2228 hie
668 2166 772 2250 magis
784 2168 804 2240 ὃ,
828 2176 992 2230 extremae
1016 2188 1111 2250 quem
1132 2177 1280 2252 tempora
1302 2166 1390 2230 vitae

425 2270 587 2335 Viderunt
610 2282 733 2356 testem,
759 2273 847 2336 venit
871 2295 946 2336 cum
969 2274 1128 2337 terminus
1152 2274 1224 2336 aevi

390 2428 396 2441 .
432 2378 545 2457 lleroi3
568 2378 622 2442 bie
647 2378 758 2442 aderat
781 2380 929 2443 morienti
955 2403 1092 2466 arasque
1115 2381 1237 2444 tenenti

426 2485 578 2572 Morsque
602 2508 734 2549 romano
757 2487 926 2572 Divosque
949 2487 1122 2573 Deumque
1145 2489 1285 2552 vocanti.

427 2591 519 2655 Vidit
541 2591 605 2676 hio,
630 2603 664 2655 ut
687 2591 789 2656 lassos
813 2594 953 2657 moriens
977 2593 1150 2680 deponeret
1173 2604 1263 2657 artus

428 2699 469 2761 llt
492 2699 598 2763 caelos
622 2709 743 2784 peteret
766 2709 932 2785 terrasque
955 2700 1150 2786 relinqueret
1173 2701 1265 2764 imas.

515 2807 566 2869 Ao
591 2817 625 2869 ut
649 2816 765 2869 cuncta
791 2805 906 2870 domus
928 2806 1142 2894 perculsaque
1164 2807 1280 2872 funere
1302 2818 1392 2873 tanto

343 2934 349 2953 ‘
386 2963 392 2974 .
425 2912 589 2975 Tarnovis
611 2913 645 2975 in
668 2912 821 2977 lacrimas
844 2913 960 2999 lugens
984 2936 1018 2977 se
1041 2913 1136 2977 solvit
1160 2936 1298 2999 amaras,

427 3020 619 3083 Extinctum
642 3018 740 3084 heroa
763 3030 798 3083 ut
821 3020 933 3084 m‘dere
956 3031 987 3084 et
1010 3020 1133 3085 lumine
1156 3042 1296 3106 cassum,

427 3127 471 3189 Ut
495 3126 612 3191 flevere
636 3126 700 3210 alii,
724 3149 803 3212 quos
826 3128 908 3191 tanti
931 3126 1037 3191 herois
1061 3126 1204 3214 adempti

427 3232 569 3317 Attingit
592 3255 697 3317 casus,
721 3256 785 3296 non
809 3245 857 3299 est
881 3233 1111 3320 comprendere
1135 3256 1231 3299 versu

425 3339 562 3403 Nostrae
586 3341 668 3424 opis3
693 3350 742 3404 nst
768 3351 801 3405 nt
825 3351 859 3404 tu
884 3351 1017 3426 patrem,
1040 3363 1195 3426 generose
1217 3342 1359 3408 Ioannes

323 3467 390 3508 ras.
426 3445 663 3532 Christophore,
687 3449 839 3512 amissum
865 3448 991 3531 flevisti,
1015 3446 1114 3511 fando
1138 3471 1199 3514 nec
1221 3449 1335 3515 Andes

428 3644 432 3671 ¹
456 3641 592 3707 Philippus
613 3641 790 3706 l'sdniewski‚
811 3652 866 3692 tum
887 3644 1027 3709 spiscopus
1046 3644 1240 3696 Craeoviensis.

425 3730 435 3758 '²
457 3734 573 3797 Uterque
591 3732 660 3783 liber
678 3741 779 3783 mstus.:
801 3734 841 3792 ,15
844 3733 940 3782 eliani*
962 3734 1075 3784 lacobus
1094 3732 1234 3785 chhsr'rslri
1248 3742 1308 3786 erat
1320 3735 1453 3802 episcopus

315 3819 540 3871 Vludislaviensis
559 3837 601 3872 aa.
623 3820 807 3872 1557-1562.

426 3909 435 3935 ³
456 3910 648 3960 biterensi:
671 3911 823 3977 „pigebat“.

428 3999 433 4024 ¹
456 3999 525 4050 Edit.
546 4002 621 4050 Creo.
644 4002 861 4058 ,Canrenentia“.

455 4087 529 4137 nebit
548 4088 604 4138 scil.
625 4090 764 4153 episeopus
784 4090 997 4142 Camenecensis.
1031 4092 1111 4142 Hune
1130 4092 1213 4142 fuisse
1232 4091 1373 4143 Nicolaum
1392 4089 1455 4142 Wol-

313 4176 368 4239 ski,
392 4177 438 4241 qui
464 4175 559 4227 deinde
578 4176 743 4227 Chelmensis
768 4186 795 4227 et
820 4189 912 4243 postea
935 4179 1102 4230 Cuiavisnsis
1126 4180 1266 4246 episcopus
1291 4180 1352 4245 tuit,
1380 4181 1457 4231 refert

318 4264 505 4315 Wirzniewski
525 4264 605 4326 (nist.
618 4264 656 4315 lit
669 4268 713 4329 Vl,
724 4265 795 4329 eat),
815 4267 890 4327 falso,
912 4269 1013 4335 opinor,
1032 4285 1094 4319 nam
1105 4286 1135 4319 eo
1147 4277 1263 4335 tempore
1279 4269 1454 4337 episcopatum

313 4354 540 4404 Cameracensem
560 4355 673 4419 gessisse
694 4355 809 4406 traditur
828 4357 982 4407 leonardus
1001 4357 1180 4408 Sionczewslri
1193 4374 1225 4409 ex
1240 4357 1455 4410 Mischoviarum

313 4443 525 4507 congregatione
544 4442 686 4508 (Bulinslri,
706 4445 777 4496 Hist.
797 4445 868 4497 kole.
890 4448 966 4499 Cous.
986 4446 1184 4511 Orzechowski,
1205 4450 1285 4498 llron.
1300 4449 1332 4501 V.
1352 4448 1392 4500 ed.
1406 4447 1455 4497 Mo·

315 4531 428 4581 stowslri
449 4533 559 4583 Vorssv.
581 4532 659 4597 1805,
679 4551 722 4601 pg.
746 4534 813 4599 170).
