3016 5310
197 639 245 704 Ut
269 638 397 703 caelum
421 639 516 702 terris
540 639 726 724 praedicere
750 638 829 703 talia
852 639 981 725 fingas?

199 747 372 813 Sarmata¹
396 747 596 812 Sarmaticae
619 757 686 809 tam
709 745 782 809 dira
806 747 978 832 prccabere
1001 748 1115 834 genti?

289 853 372 933 Quis
396 876 470 918 cum
494 875 569 938 rege
593 862 684 938 regat
715 854 849 939 populos
875 854 1025 920 Samuele
1048 855 1241 942 perempto?

157 1013 164 1025 .
197 960 280 1041 Quis
303 983 461 1048 proceres,
486 962 513 1024 si
537 960 667 1045 quando
690 960 768 1023 olim
791 960 878 1024 mala
901 962 1016 1026 miscet
1039 963 1170 1049 Erinys,

199 1069 290 1148 Quos
313 1079 420 1155 partes
443 1069 529 1154 rapit
551 1069 585 1130 in
610 1067 718 1131 varias
742 1067 907 1133 discordia
930 1068 1071 1152 demens

199 1174 377 1240 Discordes
401 1176 518 1238 animis
542 1175 665 1259 iungat,
689 1175 773 1260 parti
798 1198 920 1260 aequus
946 1175 1095 1260 utrique?

200 1281 296 1344 Pacis
321 1303 433 1343 amans
457 1281 635 1366 doctusque
659 1280 762 1344 malas
787 1303 978 1367 componere
1002 1280 1084 1366 lites,

201 1387 382 1474 Implicitas
406 1387 479 1452 lites
502 1399 534 1451 ct
556 1411 621 1451 non
647 1388 797 1452 cedentia
819 1389 900 1472 iura,

153 1525 167 1558 r.
200 1495 243 1558 Et
266 1495 392 1558 mollire
416 1494 493 1558 olim
517 1494 655 1582 placidis
679 1495 755 1559 odia
778 1518 892 1582 aspera
915 1496 1048 1560 verbis?

203 1601 302 1666 Hunc
325 1612 455 1689 raptum
479 1604 572 1666 terris
596 1602 727 1666 voluisti
752 1604 890 1689 pessime
914 1605 1028 1667 vates?

292 1710 357 1774 Dic
373 1709 461 1793 mihi,
477 1709 556 1795 quid
572 1709 713 1794 tandem,
729 1709 896 1796 quidte-
906 1733 962 1797 per
974 1710 1081 1774 sidera
1094 1733 1241 1796 posco-

203 1815 369 1882 offendit?
392 1816 470 1902 quid
494 1839 559 1880 non
583 1816 785 1880 laudandum
815 1818 848 1881 in
881 1817 1030 1903 praesule
1056 1828 1146 1881 tanto
1169 1818 1241 1882 est?

204 1923 239 1990 Si
262 1924 330 1997 tibi,
354 1948 450 2010 quem
474 1925 595 2010 cupias
619 1924 791 2010 fingendus
815 1925 985 2011 episcopus
1008 1936 1101 2008 esset,

153 2054 169 2096 t.
200 2031 274 2095 Non
298 2030 382 2096 alius
405 2032 577 2118 fingendus
601 2042 678 2115 erat,
702 2033 766 2095 nisi
790 2034 888 2096 noxia
912 2032 1002 2097 cordi

204 2137 349 2204 Crimina
373 2149 457 2223 sunt,
481 2138 586 2225 placet
609 2150 641 2203 et
665 2160 781 2203 corvos
805 2140 966 2225 praeferre
993 2138 1163 2204 columbis.

204 2246 357 2310 Maiestas
381 2245 568 2310 veneranda
591 2247 655 2310 viri
679 2247 866 2332 speciesque
889 2246 1016 2329 decora,

201 2352 299 2417 Unde
321 2352 381 2416 tibi
405 2351 537 2438 quidvis
560 2353 664 2437 possis
687 2354 873 2438 promittere
896 2375 1064 2438 magnum3

205 2458 302 2524 Certa
324 2459 405 2523 fides
428 2459 486 2543 illi,
510 2460 622 2545 pietas,
645 2459 819 2545 prudentia
842 2482 925 2543 rara,

153 2585 172 2628 r.
202 2564 298 2629 Mens
312 2566 408 2649 mitis,
431 2565 598 2652 placidum
613 2566 790 2651 ingenium,
807 2567 841 2629 in
858 2565 942 2630 bona
958 2588 1059 2652 prona
1077 2565 1243 2647 voluntas3

206 2670 343 2757 Eloquia
366 2684 534 2758 praestans
559 2682 590 2736 et
613 2672 769 2757 religione
791 2672 962 2755 verendus,

207 2775 358 2862 Consilia,
381 2802 444 2865 qno
468 2779 580 2843 vincat
603 2801 683 2842 avos
707 2790 894 2865 veteresque
919 2778 1054 2844 Solonas

204 2884 247 2947 Et
270 2884 535 2949 Lacedaemoniis
559 2885 693 2969 figentes
718 2886 788 2948 iura
814 2887 996 2973 Lycurgos

207 2992 354 3055 Antistas
377 2994 494 3056 iustus:
520 3016 583 3056 non
608 2991 664 3054 illo
688 2992 796 3056 iudico
820 2992 913 3055 dives

153 3117 173 3159 5.
204 3096 311 3176 Quam
336 3122 457 3186 pauper
480 3101 592 3185 potior⁷
616 3101 720 3186 potior
744 3122 807 3162 non
833 3098 887 3163 ille
912 3099 963 3163 vel
988 3099 1051 3183 ille,

207 3203 290 3277 Non,
313 3229 410 3291 quam
434 3207 526 3283 civis,
550 3230 646 3292 eques
670 3206 841 3293 splendore
865 3206 1022 3292 superbus
1046 3207 1148 3287 avit03

208 3310 398 3397 Importuna
421 3312 501 3376 nihil
526 3313 613 3378 valet
636 3314 823 3378 intercessio
846 3313 956 3377 maior.

209 3418 263 3481 Nil
288 3420 438 3505 precibus
463 3432 615 3484 constans
639 3419 782 3484 lacrimis
806 3442 866 3484 nec
889 3420 1030 3483 flectitur
1054 3418 1139 3503 ullis,

209 3524 263 3588 Nil
288 3526 373 3612 apud
398 3526 485 3591 hunc
510 3551 625 3590 aurum
649 3538 838 3613 porroctave
862 3548 997 3590 munera
1020 3535 1165 3611 possunt.

153 3652 175 3695 a.
206 3630 297 3695 Iusta
322 3635 428 3698 virum
452 3657 578 3719 poscas:
604 3656 769 3719 nunquam
794 3634 915 3720 patiere
939 3632 1110 3719 repulsam.

209 3739 354 3803 Dextera
377 3742 518 3805 iustitiae
542 3743 643 3805 iustas
667 3752 753 3805 tenet
777 3765 880 3827 acqua
903 3739 1055 3804 bilances.

210 3844 271 3908 Vir
294 3845 397 3910 bonus
421 3846 474 3911 hic
498 3869 682 3933 aequusque
706 3858 737 3910 et
760 3870 823 3910 non
848 3847 987 3910 iniurius
1012 3844 1078 3929 ulli,

209 3951 271 4016 Cui
295 3974 392 4016 curac
415 3955 526 4039 pictas⁷
551 3956 604 4019 cui
628 3954 691 4017 diis
716 3953 859 4018 indicerc
882 3953 1019 4017 honores

210 4058 458 4146 Priscorumquc
482 4073 610 4148 patrum
634 4062 735 4124 iustos
759 4060 932 4125 defendere
956 4061 1046 4123 ritus.

214 4325 220 4353 ¹
242 4329 267 4376 le
287 4336 344 4377 erat
364 4330 476 4379 fortasse
502 4328 633 4376 Martinus
659 4329 723 4389 l‘ox,
749 4328 896 4377 nrcdicInac
921 4327 1014 4376 doctor
1039 4334 1065 4376 et
1090 4325 1245 4377 academiae

153 4417 283 4469 coviensis
303 4420 443 4482 professor,
463 4416 507 4481 qui
528 4417 554 4464 in
575 4416 737 4481 Sigismundi
757 4416 870 4481 Augusti
897 4416 960 4464 aula
986 4416 1113 4481 astrologi
1135 4428 1246 4466 munere

153 4508 275 4574 gebatur.
