3016 5310
790 447 866 480 PETRI
886 445 980 480 ROYZH.

860 517 964 523 --.—..
987 518 1036 522 .—.
1049 517 1054 521 .
1067 517 1457 527 ——..-—-————.

418 641 512 726 Nem,
534 651 606 705 rote
628 663 708 726 quos
731 639 837 704 avidis
860 651 917 704 eut
940 640 1035 706 furca
1057 652 1114 706 aut
1136 664 1242 708 uncus
1262 643 1297 708 in
1318 665 1412 710 escas

477 748 644 815 Servasset
667 746 784 831 corvis,
806 746 894 811 fossa
916 748 1064 813 recondit
1086 748 1214 814 humus.

861 1349 902 1415 17.

575 1524 628 1588 De
651 1523 900 1590 STANISLAO
928 1523 1196 1610 OARNOOWO,

419 1648 604 1700 lladislaviae
624 1657 650 1700 et
669 1650 843 1700 Pomeraniae
862 1650 994 1715 episcopo,
1013 1651 1087 1716 regio
1106 1651 1209 1702 Godani
1228 1651 1320 1719 legato
1330 1651 1346 1700 ¹.

870 1808 897 1873 1.

418 1934 570 2020 Occupat
593 1934 747 2020 expulsus
771 1933 899 2020 templis
922 1935 1083 2020 praetoria
1106 1934 1249 2023 praesu13

472 2040 500 2106 O
524 2064 622 2128 quam
645 2042 692 2105 illi
715 2043 822 2129 potius
846 2042 991 2127 linquere
1014 2042 1135 2129 templa
1157 2042 1233 2107 fuitl

421 2148 563 2233 Ingemit
585 2148 636 2212 his
659 2149 832 2214 Godanum
856 2148 979 2230 verbis3
1003 2148 1084 2214 haee
1107 2160 1230 2214 maesta
1246 2150 1379 2237 querela
1395 2160 1453 2232 est3

475 2256 544 2318 llos
567 2257 710 2342 geminat
733 2267 865 2342 questus
889 2257 1130 2343 ingeminatque
1153 2279 1238 2322 suos,

362 2384 388 2425 5.
421 2361 540 2427 Clausa
563 2362 685 2426 malum
708 2363 770 2427 hoc
793 2364 924 2449 pariunt
947 2363 1062 2449 legatis
1086 2364 1213 2428 moenia
1236 2385 1350 2452 nuper,

476 2468 667 2556 Contempta
690 2480 722 2534 ot
744 2470 855 2534 multis
879 2472 968 2556 regia
991 2472 1080 2535 iussa
1103 2470 1216 2534 modis.

422 2574 606 2640 Paucorum
630 2577 761 2641 tandem
785 2577 975 2641 dominandi
997 2578 1126 2641 insanie
1149 2577 1235 2662 lecit,

473 2685 563 2748 Dum
588 2683 650 2747 sibi
673 2684 824 2747 Dentisci
848 2684 996 2748 vindicat
1019 2684 1110 2748 urbis
1134 2707 1219 2771 opes,

420 2789 516 2854 illam
539 2790 626 2877 quod
649 2789 763 2877 pulsus
787 2790 931 2854 delubris
955 2789 1084 2877 praesul
1107 2791 1142 2854 in
1165 2790 1282 2855 urbem

338 2917 386 2960 ιο.
471 2896 523 2960 Ab
546 2919 623 2983 rege
645 2898 819 2984 imperium
842 2899 907 2961 iam
932 2921 1030 2984 prope
1053 2898 1139 2983 regis
1162 2896 1270 2963 habet,

860 3091 904 3155 II.

421 3214 460 3277 In
486 3223 612 3278 vestras
636 3215 761 3278 animas
784 3217 845 3301 ius,
867 3217 1078 3300 Damascene,
1102 3216 1238 3302 negasti,

475 3320 666 3407 Pastorique
689 3332 744 3386 tuo
768 3323 975 3410 pontificique
998 3332 1063 3387 tuo.

423 3427 488 3506 Qui
512 3428 598 3513 regis
621 3429 713 3492 iussu
736 3429 770 3491 in
795 3439 919 3494 vestros
942 3429 1068 3515 legatus
1091 3429 1238 3515 honoreS,

474 3534 514 3601 In
540 3557 608 3619 voe,
631 3536 667 3599 in
690 3544 815 3600 vestras
839 3536 889 3600 ius
912 3535 1009 3600 habet
1033 3536 1118 3600 ultor
1141 3559 1226 3623 opes.

362 3666 388 3706 e.
421 3642 485 3728 sie,
510 3665 604 3731 quem
628 3643 813 3729 pontificem
837 3642 988 3729 sprevisti
1012 3642 1052 3706 ob
1076 3642 1195 3729 dogma
1218 3643 1395 3730 Quiritum

476 3751 540 3815 Hic
563 3751 623 3814 tibi
646 3770 734 3813 nuno
757 3749 838 3835 legis
861 3747 997 3812 lateret
1021 3759 1134 3814 auctor
1157 3750 1226 3813 erit.

314 3947 383 3955 .-
405 3947 476 3954 -..—.

422 4052 430 4080 ¹
451 4054 527 4104 Corn.
549 4052 600 4105 185
620 4072 657 4121 sq.
681 4078 706 4097 =
730 4072 780 4104 oss.
806 4053 841 4106 57
860 4070 898 4118 sq.
930 4055 1007 4105 Haec
1032 4054 1167 4118 pertinent
1194 4055 1229 4105 ad
1247 4056 1364 4106 alterum
1382 4056 1452 4121 lega·

315 4143 416 4194 tionem
437 4159 459 4192 a.
481 4142 550 4195 1569
575 4160 608 4194 ex
633 4144 746 4194 comitiis
771 4143 967 4193 lublinensibus
992 4142 1109 4194 missam.
1138 4144 1279 4196 (tudanum
1302 4146 1409 4196 iacebat
1426 4146 1452 4196 in

316 4232 432 4282 dioecesi
450 4232 660 4295 vladisluricnsi,
679 4233 829 4283 subiectum
847 4233 930 4298 igitur
950 4239 1007 4282 erat
1026 4232 1101 4282 scitis
1121 4233 1272 4299 Carncovii,
1297 4235 1345 4285 sod
1364 4236 1452 4285 eudem

315 4322 467 4386 spernebat.
495 4321 571 4372 Cous.
596 4323 665 4371 iuter
690 4322 745 4373 alia
769 4320 913 4386 epistulam
938 4322 1069 4371 Curncom'
1089 4322 1123 4371 ad
1142 4322 1291 4373 Cleseldum
1309 4323 1452 4389 (Epistulae

309 4411 432 4460 ‘virorum
450 4410 594 4461 illustrium
613 4427 732 4461 uuuoxae
752 4412 861 4461 editioni
882 4410 1010 4476 Dlugossi
1029 4411 1137 4475 Lipsiae
1157 4409 1235 4474 1712,
1254 4411 1287 4462 N.
1307 4412 1360 4480 73).
