3016 5310
324 412 390 499 19'6
799 450 876 484 mm
896 450 992 485 nonu-

612 522 653 527 --
709 522 730 526 ..
769 520 908 526 -—-—.—.
929 522 934 526 .
974 520 1456 528 ——-·—-——-.-———-

604 536 607 540 .
630 533 786 541 --.---—
828 533 905 539 ——-
931 532 1074 539 ——--——-
1085 533 1296 540 ——--.—
1310 534 1457 542 ψ

426 645 517 710 Mille
540 655 674 710 anetum
697 645 841 732 imperiis
857 643 1012 710 Oaroium
1027 654 1060 708 et
1076 644 1134 709 vix
1151 654 1281 732 seeptra
1304 644 1460 711 valentem

349 780 353 784 ·
428 752 639 835 Enumerare,
663 774 739 816 auos
761 750 897 838 populos
919 750 971 815 his
995 750 1123 837 legibus
1146 773 1258 816 omnes

326 880 396 925 eea
434 859 600 944 Stringere
622 879 684 922 nee
707 858 824 944 priscis
847 879 934 921 nova
957 857 1111 943 dogmata
1134 856 1221 922 ferre
1242 856 1377 923 relictis.

429 965 473 1030 Et
496 988 563 1049 sua,
587 965 753 1049 sustineat
777 963 960 1028 clarissima
984 963 1213 1030 Sauromatum
1235 986 1317 1050 gene

428 1071 503 1136 Non
526 1094 647 1135 numen
671 1080 843 1136 veneretur
866 1069 978 1134 idem?
1001 1093 1067 1134 non
1090 1070 1208 1135 ritibus
1231 1069 1350 1134 iisdem

432 1175 533 1242 Saera
556 1176 642 1241 eolat
664 1177 826 1263 Divisque
850 1199 925 1240 suos
949 1176 1075 1241 indieat
1089 1175 1252 1241 honores?

429 1284 532 1348 Parce
555 1293 651 1368 metu,
674 1283 865 1370 Lipomane:
889 1284 997 1347 Deum
1021 1305 1086 1346 non
1110 1282 1242 1348 eredere
1266 1282 1317 1348 faa
1341 1293 1390 1348 eet

324 1410 395 1456 eet.
429 1392 607 1471 Aversum3
631 1391 789 1454 miserans
813 1389 916 1454 oeulis
939 1411 998 1453 nos
1023 1389 1140 1476 aspicit
1163 1391 1276 1477 aequis

430 1497 702 1584 Sauromataeque
737 1520 821 1580 suos,
855 1536 899 1544 —
933 1519 1037 1583 neque
1072 1497 1159 1561 enim
1190 1508 1239 1561 eet
1273 1520 1393 1563 exosus
1422 1495 1458 1562 ad

1186 1606 1310 1689 [unum,
1334 1644 1378 1652 -

430 1710 582 1776 Servabit
604 1709 718 1798 procul
742 1710 820 1775 hine
843 1709 946 1797 pulsis
970 1711 1135 1775 erroribus
1158 1734 1279 1776 omnes.

430 1816 535 1883 Credo
558 1817 716 1903 equidem,
740 1829 771 1882 et
794 1840 834 1881 ne
857 1816 935 1904 quid
960 1818 1038 1881 vani
1063 1840 1154 1881 mens
1178 1826 1325 1903 auguret,
1349 1827 1432 1906 opto:

430 1924 587 2011 Tempore
609 1935 682 2012 post
704 1924 809 2011 paule,
833 1925 1003 2009 Augustus
1026 1924 1146 2010 quibus
1169 1924 1309 2012 imperat
1332 1925 1405 2010 oria,

328 2030 592 2096 roeoOmnibus
616 2054 682 2096 una
705 2031 785 2095 fides
809 2031 878 2114 erit
902 2041 938 2095 ut
961 2053 1020 2095 rex
1044 2030 1194 2095 omnibus
1219 2053 1313 2095 unua.

673 2432 722 2486 Ad
740 2433 867 2488 eundem
886 2433 1103 2502 phalaeeium.¹

430 2594 502 2659 Hoc
527 2594 627 2680 mitte,
651 2595 838 2682 Lipomane
862 2617 993 2659 earmen
1015 2595 1138 2659 hirtum

430 2702 531 2765 Arete
555 2701 616 2766 sub
639 2700 749 2787 gelida
772 2701 852 2764 mihi
875 2701 961 2788 quod
984 2700 1121 2766 horrens

428 2808 578 2872 Dietavit
601 2808 731 2872 Boreas.
754 2807 883 2893 Quid?²
907 2811 960 2872 An
984 2807 1134 2873 Thaliam

430 2915 505 2979 Hue
529 2915 636 2980 eredis
659 2916 853 3003 penetrare?
876 2915 1021 2980 desitura

371 3044 396 3086 o.
431 3022 606 3108 Nunquam
630 3021 754 3109 frigora
777 3044 871 3086 musa
893 3022 1101 3109 pertimescit.

429 3127 577 3194 Scribam
602 3129 756 3213 earmina,
781 3127 899 3216 desipit
921 3127 1061 3193 tutha?

424 3234 553 3298 Mavult
575 3233 833 3321 qualiacumque,
856 3259 954 3322 quam
976 3236 1092 3322 perire.

321 3398 427 3404 ——--.
445 3395 505 3404 ἢ..

318 3490 366 3535 eat.
405 3485 519 3548 Royziua
538 3483 605 3534 haee
628 3491 690 3534 ante
715 3485 840 3534 nuntium
864 3485 970 3549 publice
990 3486 1022 3536 de
1043 3500 1076 3536 ea
1094 3502 1122 3536 re
1141 3487 1170 3536 in
1190 3486 1331 3538 Poloniam
1350 3487 1455 3539 anatum

320 3574 458 3638 scriptione
477 3573 589 3623 videtur.

429 3661 437 3690 ¹
456 3663 516 3713 Hoc
536 3678 643 3714 carmen
662 3663 759 3713 iterum
778 3662 849 3728 typie
864 3680 990 3714 excusum
1004 3671 1092 3714 enatat
1104 3681 1148 3731 pg.
1160 3661 1197 3716 45
1210 3664 1334 3716 editionis
1348 3666 1454 3732 Operum

320 3750 382 3802 Sim.
403 3752 553 3801 Simonidae
573 3752 731 3801 Bendowski
748 3753 896 3802 Varsoviae
917 3768 939 3802 a.
961 3751 1030 3804 1772
1046 3768 1062 3802 a
1076 3753 1172 3803 Durini
1185 3759 1304 3805 curatae.
1319 3754 1455 3820 Repertum

319 3827 452 3891 indicavit
470 3841 535 3889 mni
556 3842 601 3890 nr.
622 3842 672 3890 10⁸.
693 3842 901 3891 Korzeniowski.

431 3926 441 3955 ²
461 3931 685 3994 interpunctionis
705 3940 795 3980 notum
814 3932 941 3980 maiorem
967 3940 1026 3996 post
1048 3934 1178 3993 „Boreaa“
1201 3933 1366 3998 eandemque
1382 3935 1456 3983 inter·

320 4018 467 4082 rogationis
487 4028 546 4081 post
567 4020 663 4082 „quid”
684 4020 740 4083 ipse
760 4020 856 4068 addidi.
877 4022 963 4082 Quum
982 4030 1078 4071 neutra
1096 4022 1177 4071 editio
1196 4021 1286 4072 habet.
