3016 5310
286 652 364 715 Este
386 650 498 738 procul
522 650 651 735 calices,
674 648 826 713 madidus
849 650 963 736 procul
986 662 1054 717 esto
1076 652 1212 741 Lyaeus

284 758 481 823 Pontificum
503 762 640 822 mensal
663 766 695 821 et
718 756 821 843 pulsis
843 757 1033 822 temulentia
1056 759 1154 823 curis.

373 864 523 929 Prudens
547 863 665 929 deinde
688 862 782 948 mihi,
812 863 941 949 templis
964 865 1021 950 qui
1043 865 1218 951 praesidet,
1248 877 1321 931 esto.

285 971 358 1035 Non
381 971 465 1036 bene
489 970 678 1035 commissas
701 970 785 1055 regit
807 969 1027 1055 imprudentia
1050 970 1164 1036 caulas

182 1100 253 1143 aas.
287 1079 330 1142 Et
352 1077 474 1143 Christi
496 1098 610 1164 pecus3
633 1077 756 1141 esuries
778 1086 824 1140 tot
849 1096 942 1142 sacra
965 1076 1125 1164 lnporum,

285 1185 329 1248 Ni
353 1185 497 1249 occurrit
520 1193 639 1270 pastor,
660 1193 764 1248 totum
787 1182 959 1270 populetur
981 1183 1076 1250 ovile.

285 1292 359 1355 Non
383 1292 426 1354 sit
449 1292 619 1355 inornatus
643 1290 781 1377 praesul,
806 1299 1014 1355 contemnere
1035 1290 1157 1378 vulgus

285 1398 391 1476 (luem
415 1397 529 1484 possit3
553 1398 670 1482 iussae,
692 1419 744 1461 res
767 1419 851 1483 quae
872 1395 1101 1484 pulcherrima,
1124 1410 1235 1464 custos

285 1504 364 1569 Esto
386 1504 572 1591 pudicitiae,
596 1525 748 1568 venerem
771 1503 879 1568 domet
901 1504 1131 1589 importunam

182 1632 252 1676 aco.
287 1611 387 1675 Ferre
412 1623 503 1675 satur
525 1610 653 1675 modico
675 1620 707 1675 et
730 1609 918 1675 fluvialibus
941 1610 1071 1697 algidus
1096 1611 1202 1697 undis,

285 1718 361 1783 Otia
384 1717 518 1783 devitet:
544 1717 670 1804 quaerit
693 1717 798 1781 malus
821 1717 887 1782 otia
909 1716 1056 1782 daemon.

286 1825 423 1890 Sacrum
447 1825 548 1888 Moeis
571 1847 652 1910 opus
675 1837 791 1908 verset,
814 1833 1007 1910 patrumque
1029 1826 1175 1911 priorum

286 1931 428 1995 Vivendi
453 1931 560 1995 discat
583 1952 714 2013 morem,
738 1939 770 1994 et
793 1951 876 2015 qnae
900 1932 1021 2016 pagina
1045 1930 1213 1997 Christum

286 2036 407 2104 Sancta
429 2038 541 2122 refert,
564 2059 719 2122 magnum
742 2036 866 2100 mundo
888 2048 920 2101 ct
942 2036 1152 2103 memorabile
1176 2062 1298 2124 nomen,

179 2165 253 2208 aes.
286 2145 456 2209 Nocturna
478 2153 648 2230 versatque
672 2165 770 2207 manu
794 2154 964 2231 versatque
986 2143 1114 2209 diurna.

286 2250 359 2314 Hoc
382 2251 487 2314 bonus
510 2251 644 2314 antistes
668 2248 754 2314 clero
776 2272 904 2336 quoque
928 2249 1063 2315 suadeat
1087 2253 1189 2335 omni3

286 2356 340 2423 Sic
364 2378 472 2421 casses
496 2356 611 2421 doceat
634 2357 737 2420 vitare
760 2368 793 2420 et
815 2356 983 2420 daemonis
1007 2379 1108 2422 arma.

374 2463 450 2528 Otia
474 2463 605 2547 devitet,
628 2464 754 2549 quaerit
776 2462 882 2527 malus
905 2463 971 2527 otia
994 2463 1142 2529 daemon.

289 2571 387 2636 Nune
410 2571 475 2637 levi
502 2593 633 2634 naseam
656 2571 762 2653 innoc,
786 2592 875 2634 nunc
897 2571 1020 2635 vimine
1042 2580 1142 2656 texat,

182 2700 251 2742 aco.
287 2678 462 2742 Postmodo
487 2699 586 2761 quam
609 2698 734 2741 vacuus
758 2678 922 2763 piscosum
943 2678 1042 2742 iactet
1064 2678 1100 2742 in
1124 2700 1265 2761 amnem3

286 2785 384 2849 Nunc
407 2807 482 2849 esca
506 2793 631 2870 aptatos
655 2783 844 2870 praetendat
867 2782 1012 2871 piscibus
1035 2783 1159 2870 harnes,

286 2890 534 2978 Ludentemque
557 2890 664 2955 trahat
687 2891 783 2977 pleno
805 2890 846 2955 de
869 2890 1003 2956 flumine
1026 2890 1208 2956 rhombum.

286 2998 425 3064 Caerula
447 2999 591 3085 Neptuni
614 3019 702 3062 nunc
725 3008 832 3062 verret
854 2997 977 3062 retibus
1001 3020 1089 3084 arva,

287 3104 412 3191 Stagna
434 3105 591 3190 lacusque
614 3104 696 3168 altos
719 3103 821 3167 multo
843 3113 875 3168 et
898 3104 984 3169 vada
1006 3105 1097 3192 pisce
1119 3115 1240 3191 natata,

183 3236 252 3277 eos.
286 3213 506 3298 Maioremque
529 3222 615 3297 petet
638 3211 752 3276 maiori
775 3231 814 3276 ex
836 3213 966 3297 gurgite
988 3212 1153 3298 praedam.

286 3319 355 3382 Nec
378 3341 513 3404 parvam
537 3318 657 3404 pudeat
681 3319 785 3383 contis
807 3318 973 3404 impellere
995 3318 1136 3384 lintrem

286 3427 354 3488 Aut
379 3426 467 3490 visco
490 3424 634 3511 captabit
656 3448 742 3509 aves,
765 3425 961 3512 pedicasque
983 3425 1118 3489 minutis

286 3532 429 3597 Alitibus
452 3531 545 3596 laxas
569 3531 654 3595 malo
677 3531 864 3617 praetendet
887 3533 921 3596 in
945 3532 1019 3618 alta,

287 3639 486 3725 Ablatosque
510 3640 591 3703 feret
614 3658 731 3724 parvos
754 3660 796 3703 ex
819 3638 934 3704 arbore
957 3638 1060 3704 nidos.

183 3771 252 3813 erc.
286 3746 360 3809 Non
384 3747 473 3810 Esau
497 3745 612 3809 similis
636 3745 767 3809 timidos
792 3745 928 3831 agitabit
951 3768 1089 3831 onagros
1101 3751 1121 3829 ²,

285 3853 359 3916 Non
383 3852 479 3939 pellet
503 3852 644 3917 clamore
667 3852 755 3918 leves
777 3854 812 3916 in
835 3853 917 3916 retia
939 3874 1062 3937 cervos,

285 3961 314 4023 N
318 3983 359 4023 cn
383 3983 515 4024 nemora
538 3970 569 4024 et
592 3958 694 4023 valles
718 3959 862 4045 implebit
886 3959 1022 4024 vocibus
1046 3961 1141 4026 imas:

286 4067 400 4152 Captet
423 4089 500 4130 aves
523 4068 700 4152 piscesque,
724 4065 796 4129 aliis
820 4088 952 4130 nemora
974 4066 1040 4130 alta
1063 4066 1234 4154 relinquat.

286 4174 350 4235 Fas
373 4172 471 4236 ludus
495 4173 689 4259 quandoque
713 4173 866 4237 innoxius
890 4174 955 4237 otia
978 4172 1078 4237 tollat.

288 4342 295 4369 ¹
316 4344 378 4391 lisa.
401 4347 552 4403 „mensae“.

288 4428 298 4457 ²
317 4432 446 4497 onagro,
472 4433 564 4496 quiin
585 4433 696 4482 Polonia
714 4448 767 4482 non
787 4433 889 4497 vivunt,
909 4430 1072 4482 solummodo
1092 4430 1207 4498 exempli
1225 4431 1315 4499 gratie,

177 4519 284 4585 placitis
303 4520 417 4572 sortasse
436 4520 596 4586 quibusdam
617 4521 808 4571 ecelesiasticis
828 4521 962 4584 inductus,
982 4521 1134 4572 nominasse
1153 4519 1265 4573 videtur.
