3016 5310
656 466 731 502 Pisum
752 465 840 501 ROYle

285 665 331 729 Di
354 663 414 728 tibi
438 663 524 747 dent,
547 663 612 747 fiat,
635 661 789 750 quicquid
815 661 1002 746 calcaveris,
1026 683 1152 746 aurum,

182 793 251 838 sse.
287 772 368 839 Dux
390 770 550 857 Radivile,
574 768 697 858 tibique
721 780 867 834 actutum
890 768 1002 858 lydius
1027 769 1171 835 Hermus

285 880 448 945 Auriferis
471 878 641 965 praedives
665 878 766 964 aquis,
791 901 825 942 se
848 877 977 963 gurgite
999 886 1066 941 tote

286 986 452 1072 Effundat,
477 987 647 1072 fulvasque
671 986 778 1051 ferens
801 984 953 1051 Pactolus
977 984 1125 1070 harenae,

286 1094 416 1180 Quique
439 1096 526 1180 piam
551 1093 742 1180 Hesperiam
766 1093 867 1157 multe
890 1094 1000 1179 Tagus
1024 1093 1138 1179 irrigat
1162 1115 1249 1177 aure,

286 1201 329 1266 Et
352 1224 434 1288 quae
458 1200 557 1267 Indos
580 1200 781 1287 Parthosque
804 1199 879 1265 beat
902 1201 986 1264 vasti
1010 1222 1109 1265 aurea
1131 1199 1266 1290 lympha

183 1329 253 1374 ess.
288 1308 462 1373 Admixtas
485 1331 564 1373 aure
587 1331 732 1395 gemmas
755 1308 915 1374 volventis
940 1306 1117 1397 Hydaspis.

287 1416 386 1480 Herei
411 1438 470 1481 eur
493 1439 556 1480 non
581 1426 727 1503 optemus
750 1416 828 1480 talia
851 1415 958 1480 tante?

376 1523 415 1588 In
438 1534 495 1588 tua
517 1534 685 1611 promptus
708 1523 808 1609 adest,
839 1522 1054 1608 Trebuchovi,
1077 1522 1200 1609 gaudia
1222 1545 1313 1610 gazae

286 1631 380 1696 Ultro
404 1630 558 1718 quiequid
582 1629 680 1696 habet
702 1630 794 1717 larga
818 1629 1013 1717 profundere
1036 1629 1161 1695 dextra.

289 1738 378 1818 Quid
402 1740 522 1824 gazae?
546 1738 635 1804 dulci
659 1762 722 1803 non
747 1760 880 1826 parcere
902 1748 934 1803 et
958 1739 1026 1824 ipso
1050 1737 1148 1802 saluti

184 1869 254 1912 ere.
290 1845 442 1931 Sustinet,
465 1845 527 1911 hoc
551 1845 659 1911 verbis
683 1845 766 1911 ultre
789 1855 925 1910 testatus
949 1846 1077 1933 apertis.

287 1954 370 2021 (lum
394 1955 537 2040 preferre
560 1953 646 2018 diem
669 1953 783 2018 taedae
812 1952 974 2037 suadetur,
1000 1961 1035 2016 ut
1058 1975 1193 2039 aegrum

288 2061 463 2128 Confirmet
486 2059 670 2147 morbisque
694 2059 851 2124 afflictum
876 2081 993 2146 cerpus
1017 2058 1153 2144 acerbis,

288 2169 393 2233 Heres
416 2169 606 2233 Nestoream
630 2167 749 2254 dignus
773 2189 925 2255 superare
949 2176 1112 2231 senectam

287 2276 466 2362 Longaque
488 2274 620 2338 'Pithoni
643 2274 784 2339 vivendo
807 2275 938 2339 vincere
962 2274 1079 2359 saecla,

185 2404 255 2450 ars.
293 2383 384 2469 ,Non
409 2381 520 2468 mihi“,
544 2382 636 2468 dixit,
662 2384 742 2468 ,erit
766 2383 793 2446 si
817 2405 903 2446 mers
926 2381 1130 2470 properanda
1154 2381 1284 2468 diesque

288 2490 432 2556 Ultimus
456 2491 695 2577 etquicunque
719 2491 781 2554 mei
806 2501 869 2553 stat
892 2491 1049 2555 terminus
1073 2491 1156 2576 aevi,

288 2599 455 2664 Absistam
479 2598 600 2686 coeptis
624 2597 723 2662 ullam
747 2599 893 2684 patiarve
915 2598 1097 2687 hymenaeo

290 2708 371 2772 Esse
395 2728 531 2787 moram;
555 2728 620 2769 nen
643 2707 691 2770 sic
714 2716 839 2771 veteres
862 2705 1033 2770 Radivilus
1057 2706 1180 2772 amieos

288 2814 465 2881 Oensuevit
488 2811 592 2878 celere
614 2823 646 2878 et
668 2813 753 2878 fictis
778 2837 812 2879 se
834 2814 969 2901 predere
992 2812 1121 2878 rebus“.

186 2944 256 2988 sse.
290 2921 419 3009 Ecquid
443 2943 531 2986 ames
555 2920 667 2985 aliud?
690 2920 769 3008 quid
792 2930 858 2986 teto
882 2931 1010 3008 pectore
1033 2920 1171 3008 poscas?

289 3027 418 3109 Quidve
442 3027 531 3092 aliud
555 3029 659 3092 maius
682 3029 784 3115 pessit
805 3028 865 3093 tibi
889 3029 1052 3093 ereximus
1074 3027 1170 3093 heros

288 3136 480 3200 Praestare?
503 3159 544 3201 ex
567 3159 656 3222 gaza,
681 3138 708 3199 si
733 3135 881 3204 Sarmata
903 3136 1046 3223 proferat
1070 3137 1159 3200 omni

288 3243 504 3328 Thensaures‚
529 3267 593 3307 nen
616 3244 711 3331 plura
733 3254 838 3331 queat,
862 3268 926 3308 non
950 3243 1044 3331 plura
1067 3265 1201 3309 necesse
1223 3253 1270 3309 est

288 3352 427 3439 Largiri,
451 3374 511 3418 nec
534 3375 625 3417 mens
649 3353 759 3440 cupiat
783 3353 846 3417 sibi
869 3352 971 3439 plura,
996 3373 1056 3417 nee
1080 3360 1176 3439 optet.

186 3481 255 3527 sss.
290 3460 378 3525 llece
402 3460 458 3525 sed
482 3459 523 3524 ad
547 3459 705 3525 thalamos
729 3482 805 3525 eum
827 3471 961 3525 ventum
985 3463 1038 3525 et¹
1069 3458 1176 3524 fulera
1200 3457 1320 3541 cubilis,

290 3566 382 3633 Idem
404 3567 499 3633 heres
522 3566 694 3631 Radivilus
718 3567 818 3654 adest,
840 3567 982 3654 hincque
1006 3590 1060 3632 ere
1082 3566 1232 3654 profatur

290 3674 456 3761 Facundo,
484 3674 598 3740 laudes
622 3697 759 3763 sponsae
782 3685 813 3740 et
836 3674 954 3739 deeora
977 3674 1042 3738 alta
1065 3696 1239 3740 renarrans

290 3781 451 3869 Bogusiae
474 3783 580 3869 gentis
603 3782 797 3869 meritosque
820 3781 945 3848 extollit
967 3781 1114 3847 honores.

290 3890 334 3955 Et
355 3896 435 3954 tua²
458 3891 616 3955 maiorum
640 3889 760 3976 gaudet
783 3888 952 3954 Theodora
976 3911 1109 3954 suerum

292 4120 302 4151 ¹
321 4122 398 4175 Corn.
420 4123 505 4188 „est“.

292 4210 356 4264 'Et
376 4219 422 4264 tua
446 4213 493 4278 (se.
513 4213 692 4279 Trebuehevi)
716 4212 864 4266 Theodora.
895 4212 946 4265 Sed
972 4214 1086 4265 fortasse
1114 4219 1224 4280 propter
1246 4213 1327 4264 verbe

187 4319 253 4366 „nee
278 4319 306 4354 se
329 4303 456 4355 inferiora
475 4305 613 4355 seeutam“
639 4303 717 4354 malis
737 4304 777 4354 its
802 4306 884 4355 verba
903 4303 1026 4370 iungere:
1053 4301 1151 4354 deeora
1169 4303 1327 4368 meritosque

185 4393 286 4444 attollit
310 4392 438 4459 honorem
468 4400 496 4444 et
521 4401 568 4444 tua
592 4392 639 4462 (se.
659 4392 756 4445 deeora
781 4391 969 4458 honoresque):
997 4391 1129 4442 maiorum
1154 4391 1256 4458 ganda
1280 4390 1326 4442 Th.

186 4488 249 4533 cea.
278 4483 346 4532 Nam
367 4482 424 4532 eius
448 4482 520 4534 medi
544 4488 689 4547 structura,
716 4497 878 4552 quamquam
903 4480 1002 4546 durior,
1027 4497 1079 4531 non
1108 4478 1176 4532 adso
1203 4479 1327 4533 abherret

186 4586 204 4622 a
222 4571 284 4623 stilo
302 4570 403 4639 Royzii.
