3016 5310
236 669 330 750 Quae
353 691 477 756 carpas,
501 670 592 755 prius
615 670 684 755 ipae
708 690 801 751 eave3
825 670 903 755 fuge
928 679 1036 734 castus
1060 693 1193 756 amores,

157 799 200 841 io.
237 776 280 841 Et
301 775 388 840 mala
410 775 502 840 nulla
524 786 618 839 tuum
642 776 808 862 contingat
831 777 954 840 femina
976 775 1089 841 limen:

236 882 331 947 ‘lune
353 883 560 947 ineoneessos
583 881 693 968 populi
717 881 961 968 reprehenderis
985 883 1078 968 ignes

237 987 503 1074 Concubitusque
524 1010 635 1073 vagos.
666 987 774 1052 Odisti
796 987 929 1053 turbida
952 990 1037 1054 iura:

238 1095 321 1159 Litis
344 1105 521 1160 amatorem
545 1094 659 1160 cohibe
683 1117 873 1183 semperque
896 1106 1064 1161 sonantem

237 1202 420 1267 Romanum
443 1202 597 1286 Tiberim,
621 1212 652 1266 et
676 1203 746 1266 fora
768 1202 880 1267 litibus
903 1204 1095 1289 importuna,
1117 1243 1161 1251 —

196 1360 204 1373 .
240 1309 346 1374 Litem
368 1330 411 1374 ex
433 1308 489 1373 lite
513 1331 622 1373 serens
645 1309 750 1394 qualis
773 1331 862 1374 nune
886 1309 1025 1395 plurima
1050 1310 1172 1376 Romae

237 1415 350 1480 Turba
372 1416 445 1500 ooit,
468 1417 588 1480 iustam
610 1416 758 1502 gaudens
781 1416 913 1481 turbare
935 1419 1084 1502 quietem,

237 1522 365 1588 Ouneta
387 1544 495 1607 ruens,
518 1522 568 1585 sas
593 1524 642 1606 sit,
667 1545 723 1587 seu
747 1545 821 1608 non,
845 1522 1049 1603 anathemate
1072 1524 1193 1589 erebro.

239 1627 347 1694 Surda
368 1629 432 1692 fori
454 1627 560 1692 bonus
583 1650 623 1693 ao
645 1629 734 1692 mitis
757 1628 904 1693 tabulata
927 1629 1078 1694 sacerdos

236 1734 370 1800 Nesciat
393 1736 556 1799 attritam
579 1735 671 1799 malit
695 1736 764 1799 sine
787 1735 844 1799 lite
867 1734 1033 1800 lacernam

195 1891 202 1905 .
239 1840 470 1927 Exiguumque
493 1840 595 1906 larem
618 1851 650 1906 et
670 1864 791 1929 parvae
814 1841 880 1907 duo
903 1844 1016 1928 iugera
1038 1842 1144 1929 villae,

238 1946 346 2026 Quam
369 1947 482 2012 molles
505 1947 622 2014 Serum
645 1947 844 2037 chlamydes,
868 1971 966 2034 quam
988 1958 1074 2014 teota
1097 1949 1245 2037 superba,

237 2053 377 2119 Praedia
399 2076 497 2141 quam
520 2054 684 2141 quondam
707 2054 811 2119 bobus
835 2077 896 2120 nee
919 2066 1010 2119 arata
1033 2055 1182 2120 ducentis

237 2160 311 2225 Lite
332 2170 442 2226 tenere
465 2161 560 2225 mala.
590 2162 673 2225 Litis
697 2162 789 2226 decet
812 2184 882 2226 esse
903 2171 1072 2248 protervae

238 2266 366 2352 Osoms,
389 2266 519 2332 adolent
541 2268 638 2332 Divis
662 2269 719 2354 qui
741 2277 815 2332 tura
837 2269 986 2333 ministri.

327 2375 478 2439 Vivendo
502 2375 619 2440 doceas
642 2374 777 2462 populos
799 2376 984 2462 pariterque
1006 2376 1174 2441 monendo.

239 2479 360 2545 Sancta
382 2481 492 2547 doees:
516 2483 619 2547 faeias
638 2505 766 2569 quoque
783 2493 904 2548 saneta.
928 2482 1015 2563 Quid
1032 2482 1161 2547 aethera
1177 2482 1269 2548 nobis

238 2587 390 2653 Ostendit
412 2587 514 2675 digito
537 2590 636 2653 miser
658 2600 690 2653 et
713 2590 794 2676 pede
817 2589 924 2677 pulsat
947 2611 1104 2654 avernum

237 2695 406 2760 Antistes?
428 2697 529 2760 Vivat
552 2707 651 2778 reete3
676 2720 740 2760 non
764 2698 900 2761 erimine
923 2708 1060 2783 tantum7

239 2801 430 2889 Suspicione
453 2802 526 2867 volo
550 2813 658 2867 eareat
681 2825 808 2890 quoque
832 2804 977 2867 oriminis
1001 2805 1088 2867 omni

196 2960 203 2973 .
238 2908 308 2974 Ille.
322 2908 418 2975 datus
441 2909 568 2997 popula
591 2912 678 2975 vitae
700 2911 757 2997 qui
781 2911 894 2975 dootor
915 2909 1068 2975 honestae

238 3015 321 3081 Esse
344 3026 430 3081 amat
453 3027 484 3081 et
507 3019 609 3082 vitam
632 3017 767 3104 populos
790 3016 931 3081 vivendo
954 3017 1079 3082 dooere.

238 3123 317 3187 Vita
339 3124 454 3209 magis,
476 3147 575 3210 quam
597 3124 719 3210 lingua,
743 3124 849 3206 dooet3
874 3134 950 3187 sunt
973 3125 1064 3187 irrita
1086 3125 1195 3210 verba,

239 3230 322 3296 Cum
346 3252 411 3294 non
434 3229 617 3295 doctrinam
640 3232 812 3295 comitatur
833 3232 903 3295 vita
925 3231 1078 3294 dooentis.

238 3337 383 3401 Antiates
406 3338 496 3401 vivat
519 3360 638 3423 magna
662 3337 904 3423 irreprehensae
929 3338 963 3401 in
987 3337 1075 3421 urbe,

197 3494 203 3507 .
239 3442 377 3507 Inclitus
401 3443 568 3507 admonuit
593 3444 700 3508 elaraa
724 3445 771 3508 sio
796 3445 904 3508 incola
927 3444 1030 3527 Tarsi,

239 3549 292 3613 Ad
315 3572 471 3636 magnum
495 3551 658 3635 quondam
682 3574 747 3614 non
771 3552 892 3615 frustra
915 3562 1027 3636 raptus
1050 3550 1237 3637 Olympum.

239 3657 394 3742 Antiates,
416 3694 461 3704 -
483 3681 547 3721 non
571 3657 653 3722 haee
675 3657 748 3720 laus
772 3657 895 3742 ultima⁷
918 3697 962 3705 —
987 3657 1113 3721 sobrius
1136 3667 1213 3742 esto,

240 3763 312 3828 Non
335 3764 478 3847 vinosus,
502 3774 650 3849 ametque
672 3764 781 3828 brevis
804 3764 998 3829 eommeroia
1022 3785 1151 3827 mensae

240 3870 434 3956 Exiguoque
456 3870 556 3957 dapes
579 3872 672 3935 venis
696 3872 913 3936 transmittere
936 3869 1069 3954 baceho,

196 4028 204 4041 .
239 3977 313 4041 Non
335 3976 436 4041 multo
460 3975 599 4042 caluisse
622 4000 720 4062 mero,
743 4002 807 4042 non
832 4001 964 4065 surgere
988 4000 1099 4042 mensa

239 4085 348 4148 Mente
371 4085 449 4168 sine,
471 4096 502 4149 et
526 4085 632 4149 ealido
655 4085 758 4149 multa
781 4087 908 4151 effutire
932 4084 1072 4167 cerebro,

240 4190 334 4269 Quae
355 4190 479 4255 dixisse
502 4202 606 4276 neget,
629 4193 733 4279 primo
758 4215 832 4255 eum
857 4202 967 4278 surget
991 4192 1068 4275 Eoo,

238 4297 308 4361 Nee
332 4296 458 4362 dubitet
482 4299 631 4384 rogitare,
655 4299 724 4363 dies
749 4321 823 4363 eum
848 4311 975 4386 postera
998 4297 1091 4382 luxit,

237 4402 344 4468 Multa
367 4403 420 4468 die
443 4427 541 4491 supter
564 4404 723 4489 hesterna,
747 4427 829 4491 quae
852 4406 981 4469 nescius
1006 4405 1080 4489 egit,

157 4532 205 4577 so.
238 4508 426 4577 Pulsaritne
449 4533 503 4575 ore
528 4521 583 4575 alit
607 4534 802 4599 quemquam
824 4511 1004 4596 obiurgauit
1027 4532 1146 4575 amaro.

239 4625 352 4666 carnotus.
374 4627 399 4665 Τ.
413 4627 431 4665 1.
1134 4616 1168 4669 10
