3016 5310
657 464 734 498 PETRI
753 464 841 497 notat

307 548 316 552 -
335 534 449 553 ...η-ἲ..
481 534 575 552 ----”.“
593 534 674 552 ..“.--“·,
692 534 740 552 ...Γ
750 534 949 553 ..---:.---
1084 534 1292 557 ’τε

207 679 256 723 aa.
288 659 423 723 Viveret
446 681 464 720 o
488 658 635 721 utinaml
658 668 689 723 et
711 657 828 723 vitales
851 668 997 743 carperet
1020 680 1125 741 auras,

290 766 550 852 Perpetuumque
573 763 643 828 eolo
666 763 821 828 Lachesis
845 763 1020 828 deduceret
1044 767 1174 829 aevuml

292 869 386 934 Talia
409 893 474 934 non
496 869 553 934 ille
576 869 706 933 melitus
731 869 879 935 Sarmata
901 869 1065 954 quondam

292 976 451 1042 Pontifiee
473 987 530 1058 est,
553 975 664 1042 Saxo²
686 997 765 1039 arva
789 975 865 1040 licet
887 976 997 1040 vicina
1019 987 1154 1060 teneres,

294 1084 381 1150 Saxo
405 1106 508 1148 novae
531 1094 670 1147 assertor
693 1083 820 1168 pietatis
844 1092 875 1146 et
898 1081 1065 1168 improbus
1088 1093 1210 1168 auctor,

209 1213 258 1256 eo.
288 1191 402 1254 Divini
428 1189 515 1255 Saxo
538 1189 629 1253 verbi
653 1190 856 1275 importunus
879 1188 1018 1253 adulter!

384 1296 530 1383 Urgebat
553 1295 649 1360 dietis
672 1295 807 1382 populos
830 1296 991 1380 iussisque
1014 1295 1189 1382 premebat,

296 1403 361 1469 Ore
384 1413 496 1490 potens
520 1400 648 1488 praesul
672 1403 803 1487 vitaque
826 1402 988 1466 verendus
1010 1401 1154 1467 honesta

294 1510 415 1594 Regem
441 1510 495 1574 ille
519 1532 557 1573 ac
581 1507 736 1595 populum
760 1507 849 1571 nullo
872 1508 1059 1572 discrimine
1083 1507 1259 1593 babebat,⁸

292 1618 437 1682 Numina
459 1615 641 1679 laedentem
664 1616 711 1678 sic
736 1636 868 1699 carpere
892 1624 1002 1677 suetus
1027 1625 1208 1699 utrumque,

214 1745 263 1788 es,
297 1724 392 1787 Esset
415 1733 451 1786 ut
474 1721 574 1808 upilio
597 1723 665 1805 regi
689 1743 756 1807 par,
779 1742 922 1806 purpura
946 1719 1053 1784 nullos

295 1829 458 1914 Principis
481 1838 538 1893 aut
559 1829 665 1891 mains
688 1828 816 1891 facinus
840 1827 973 1892 sentiret
996 1826 1141 1892 honores.

298 1935 387 2014 Quin
411 1957 506 2021 saepe
529 1936 561 1998 iu
586 1957 678 2019 reges
702 1933 878 1997 maioribus
901 1934 1028 1998 excitus
1053 1935 1109 1998 iris

298 2042 442 2105 Antiates
465 2042 530 2105 ruit
553 2063 592 2104 ac
615 2039 724 2104 verbis
747 2041 869 2103 exarsit
892 2039 1027 2104 acerbis.

297 2146 447 2212 Crudelis
469 2147 526 2211 leti
549 2147 611 2211 fuit
634 2146 688 2211 elli
712 2145 799 2210 unde
823 2147 928 2210 omnis
951 2147 1054 2231 origo:

215 2277 264 2319 ro.
295 2254 424 2341 Quippe
447 2253 641 2338 Boleslaum,
664 2254 769 2338 gentis
793 2254 849 2338 qui
872 2263 1000 2339 sceptra
1021 2253 1163 2318 Pelenae

298 2361 525 2426 Sauromatum
549 2361 613 2425 late
635 2360 827 2446 populorum
850 2371 882 2424 et
903 2382 1005 2446 regna
1027 2361 1166 2445 tenebat,

297 2468 387 2531 Dum
411 2468 515 2553 carpit
537 2465 666 2553 praesul
690 2468 880 2552 magnisque
903 2465 1054 2531 licentius
1078 2468 1167 2531 ausis

298 2574 450 2661 Increpat
473 2595 592 2638 exuere
614 2583 645 2637 et
669 2574 756 2637 vitiis
780 2584 810 2637 et
834 2573 969 2637 crimine
992 2583 1103 2658 tentat,

299 2679 373 2759 Quo
398 2703 431 2743 so
454 2702 513 2744 rex
536 2703 663 2765 quoque
687 2689 841 2765 angustos
864 2680 1011 2744 foedarat
1033 2680 1170 2745 honores

216 2808 266 2852 to.
296 2785 462 2850 Plurimus
485 2785 698 2872 impleratque
720 2785 803 2849 odiis
827 2785 987 2871 urbesque
1011 2785 1186 2872 domosque

298 2892 337 2956 In
362 2915 440 2976 sese,
464 2902 560 2978 atque
583 2893 634 2956 sui
657 2891 784 2977 oblitus,
808 2892 984 2978 divumque
1007 2893 1240 2979 hominumque

299 2998 467 3084 Quidquid
491 3009 569 3082 erat,
593 2998 638 3062 nil
663 3021 720 3062 rex
745 2999 897 3062 vitiorum
920 2998 1014 3084 liquit
1035 3001 1196 3064 inausum.

389 3104 476 3184 Quid
502 3127 675 3169 memorem
698 3106 786 3169 cives
803 3105 991 3170 caedentem
1007 3105 1184 3192 urbemque
1203 3129 1292 3171 saort

301 3212 466 3297 Sanguine
491 3212 675 3277 foedantem
697 3211 969 3298 populantemque
992 3213 1100 3276 omnia
1124 3213 1231 3277 ferro?

217 3341 266 3384 ao.
298 3319 428 3401 Matres,
451 3319 624 3383 infandum
647 3318 798 3403 —quod
822 3330 949 3404 postera
972 3320 1095 3383 nesciat
1119 3322 1220 3383 aetas!
1245 3358 1288 3367 —

301 3425 430 3490 Ablatis
452 3426 576 3511 gremio
600 3427 694 3509 natis,
718 3424 864 3509 sugenda
888 3427 1029 3490 ferarum

301 3533 412 3597 Ubera
435 3532 514 3596 dant
538 3533 654 3597 catulis
678 3555 774 3596 saevo
797 3544 932 3618 cogente
954 3543 1104 3621 tyranno.

302 3640 393 3703 Haec
417 3639 521 3703 bonus
546 3640 678 3702 antistes
703 3638 781 3701 dum
805 3639 890 3702 iusta
914 3640 1055 3725 percitus
1079 3639 1127 3701 ira

198 3830 200 3834 Ι
301 3744 447 3832 Castigat
470 3767 643 3831 regemque
666 3744 755 3809 iubet
778 3745 911 3809 meliora
935 3746 1078 3808 monenti
1141 3780 1144 3784 ⁴

135 3936 137 3941 Ι
219 3874 267 3918 aa.
298 3852 417 3916 Parere
440 3863 471 3915 et
494 3851 624 3916 facilem
647 3874 743 3916 voces
767 3851 880 3916 audire
904 3851 1046 3935 deorum,

302 3958 395 4022 Illius
417 3960 450 4022 in
476 3981 545 4023 sese
568 3959 699 4022 exacuit
722 3958 868 4022 crudelia
892 3958 990 4023 corda

302 4066 514 4152 Armavitque
538 4088 662 4130 manus.
692 4067 736 4129 At
759 4088 824 4128 non
847 4076 955 4129 tamen
977 4066 1116 4130 abstinet
1139 4064 1253 4130 audax

185 4245 403 4259 ,-—--„-

305 4341 313 4369 ¹
333 4341 396 4392 scit.
416 4349 480 4392 stus.
502 4339 659 4392 Stanislaus.

303 4427 313 4457 ²
332 4430 395 4481 Edit
413 4433 433 4481 1:
455 4434 552 4493 „saw
574 4430 618 4480 hic
637 4440 664 4481 et
683 4446 706 4480 r.
726 4429 774 4495 60;
794 4439 941 4480 correctum
962 4428 1134 4479 insecenda.

303 4518 411 4586 ⁸Verg.
431 4523 496 4572 Aen.
517 4521 549 4572 X.
571 4518 630 4571 108.
