<?xml version="1.0" encoding="UTF-8"?>
<!DOCTYPE html PUBLIC "-//W3C//DTD XHTML 1.0 Transitional//EN"
    "http://www.w3.org/TR/xhtml1/DTD/xhtml1-transitional.dtd">
<html xmlns="http://www.w3.org/1999/xhtml" xml:lang="en" lang="en">
 <head>
  <title>
</title>
<meta http-equiv="Content-Type" content="text/html;charset=utf-8" />
  <meta name='ocr-system' content='tesseract 3.04.00' />
  <meta name='ocr-capabilities' content='ocr_page ocr_carea ocr_par ocr_line ocrx_word'/>
</head>
<body>
  <div class='ocr_page' id='page_1' title='image "./petriroyziimaur01morogoog_0198.png"; bbox 0 0 3016 5310; ppageno 0'>
   <div class='ocr_carea' id='block_1_1' title="bbox 433 454 1046 494">
    <p class='ocr_par' dir='ltr' id='par_1_1' title="bbox 433 454 1046 494">
     <span class='ocr_line' id='line_1_1' title="bbox 433 454 1046 494; baseline 0.005 -3"><span class='ocrx_word' id='word_1_1' title='bbox 433 455 635 494; x_wconf 63' lang='lat' dir='ltr'>EPITHALAMIUM</span> <span class='ocrx_word' id='word_1_2' title='bbox 652 457 805 493; x_wconf 72' lang='lat' dir='ltr'>melantiam</span> <span class='ocrx_word' id='word_1_3' title='bbox 823 458 843 492; x_wconf 83' lang='grc' dir='ltr'>ΙΙ</span> <span class='ocrx_word' id='word_1_4' title='bbox 863 459 896 492; x_wconf 74' lang='grc' dir='ltr'>ΕΤ</span> <span class='ocrx_word' id='word_1_5' title='bbox 915 454 1046 494; x_wconf 66' lang='lat' dir='ltr'>limum.</span> 
     </span>
    </p>
   </div>
   <div class='ocr_carea' id='block_1_2' title="bbox 182 526 1313 552">
    <p class='ocr_par' dir='ltr' id='par_1_2' title="bbox 182 526 1313 552">
     <span class='ocr_line' id='line_1_2' title="bbox 182 526 1313 541; baseline 0.006 -8"><span class='ocrx_word' id='word_1_6' title='bbox 182 526 274 533; x_wconf 63' lang='lat'>-0-.-.</span> <span class='ocrx_word' id='word_1_7' title='bbox 289 527 321 533; x_wconf 75' lang='lat'>.-.</span> <span class='ocrx_word' id='word_1_8' title='bbox 564 530 567 534; x_wconf 90' lang='lat'><em>.</em></span> <span class='ocrx_word' id='word_1_9' title='bbox 650 531 656 535; x_wconf 81' lang='grc'><strong>,</strong></span> <span class='ocrx_word' id='word_1_10' title='bbox 803 531 825 534; x_wconf 88' lang='grc'>-</span> <span class='ocrx_word' id='word_1_11' title='bbox 877 530 914 535; x_wconf 62' lang='grc'>..-</span> <span class='ocrx_word' id='word_1_12' title='bbox 936 531 941 536; x_wconf 93' lang='grc'>.</span> <span class='ocrx_word' id='word_1_13' title='bbox 1002 532 1028 536; x_wconf 82' lang='grc'>..-</span> <span class='ocrx_word' id='word_1_14' title='bbox 1149 533 1153 536; x_wconf 58' lang='grc'><strong><em>«</em></strong></span> <span class='ocrx_word' id='word_1_15' title='bbox 1210 531 1313 541; x_wconf 77' lang='grc'><strong>--..</strong></span> 
     </span>
     <span class='ocr_line' id='line_1_3' title="bbox 1210 543 1312 552; baseline 0.01 -1"><span class='ocrx_word' id='word_1_16' title='bbox 1210 543 1312 552; x_wconf 75' lang='lat'>—.</span> 
     </span>
    </p>
   </div>
   <div class='ocr_carea' id='block_1_3' title="bbox 182 539 1201 549">
    <p class='ocr_par' dir='ltr' id='par_1_3' title="bbox 182 539 1201 549">
     <span class='ocr_line' id='line_1_4' title="bbox 182 539 1201 549; baseline 0.005 -5"><span class='ocrx_word' id='word_1_17' title='bbox 182 539 337 545; x_wconf 77' lang='lat'><em>--——----</em></span> <span class='ocrx_word' id='word_1_18' title='bbox 559 541 566 547; x_wconf 56' lang='grc'>,.</span> <span class='ocrx_word' id='word_1_19' title='bbox 605 542 628 546; x_wconf 71' lang='lat'>.-</span> <span class='ocrx_word' id='word_1_20' title='bbox 682 542 700 547; x_wconf 85' lang='lat'>-.</span> <span class='ocrx_word' id='word_1_21' title='bbox 710 542 757 547; x_wconf 72' lang='grc'>-..-.</span> <span class='ocrx_word' id='word_1_22' title='bbox 793 542 858 547; x_wconf 81' lang='grc'>..-</span> <span class='ocrx_word' id='word_1_23' title='bbox 871 541 961 548; x_wconf 42' lang='grc' dir='ltr'><strong>ᾖ</strong></span> <span class='ocrx_word' id='word_1_24' title='bbox 972 543 1031 548; x_wconf 71' lang='lat'>—</span> <span class='ocrx_word' id='word_1_25' title='bbox 1039 543 1136 549; x_wconf 69' lang='lat'>——...</span> <span class='ocrx_word' id='word_1_26' title='bbox 1147 543 1201 549; x_wconf 81' lang='lat'>—.</span> 
     </span>
    </p>
   </div>
   <div class='ocr_carea' id='block_1_4' title="bbox 179 651 1254 4388">
    <p class='ocr_par' dir='ltr' id='par_1_4' title="bbox 279 651 1192 850">
     <span class='ocr_line' id='line_1_5' title="bbox 279 651 1192 742; baseline 0.009 -27"><span class='ocrx_word' id='word_1_27' title='bbox 279 651 419 738; x_wconf 79' lang='lat' dir='ltr'>Addere,</span> <span class='ocrx_word' id='word_1_28' title='bbox 443 655 511 720; x_wconf 87' lang='lat' dir='ltr'>sive</span> <span class='ocrx_word' id='word_1_29' title='bbox 536 678 633 742; x_wconf 84' lang='lat' dir='ltr'>supra</span> <span class='ocrx_word' id='word_1_30' title='bbox 657 655 765 720; x_wconf 89' lang='lat' dir='ltr'>studia</span> <span class='ocrx_word' id='word_1_31' title='bbox 787 655 868 721; x_wconf 88' lang='lat' dir='ltr'>haee</span> <span class='ocrx_word' id='word_1_32' title='bbox 892 678 1061 740; x_wconf 78' lang='lat' dir='ltr'>assurgere</span> <span class='ocrx_word' id='word_1_33' title='bbox 1083 666 1114 720; x_wconf 92' lang='lat' dir='ltr'>et</span> <span class='ocrx_word' id='word_1_34' title='bbox 1137 679 1192 723; x_wconf 91' lang='lat' dir='ltr'>ore</span> 
     </span>
     <span class='ocr_line' id='line_1_6' title="bbox 279 760 1049 850; baseline 0.005 -27"><span class='ocrx_word' id='word_1_35' title='bbox 279 760 416 845; x_wconf 83' lang='lat' dir='ltr'>Artifiei,</span> <span class='ocrx_word' id='word_1_36' title='bbox 439 761 536 826; x_wconf 88' lang='lat' dir='ltr'>rebus</span> <span class='ocrx_word' id='word_1_37' title='bbox 560 764 707 850; x_wconf 87' lang='lat' dir='ltr'>punetim</span> <span class='ocrx_word' id='word_1_38' title='bbox 730 786 788 850; x_wconf 90' lang='lat' dir='ltr'>per</span> <span class='ocrx_word' id='word_1_39' title='bbox 810 774 923 827; x_wconf 89' lang='lat' dir='ltr'>mutua</span> <span class='ocrx_word' id='word_1_40' title='bbox 946 765 1049 848; x_wconf 85' lang='lat' dir='ltr'>nexis,</span> 
     </span>
    </p>

    <p class='ocr_par' dir='ltr' id='par_1_5' title="bbox 184 867 1210 1385">
     <span class='ocr_line' id='line_1_7' title="bbox 184 867 1157 956; baseline 0.007 -28"><span class='ocrx_word' id='word_1_41' title='bbox 184 887 245 931; x_wconf 80' lang='lat' dir='ltr'>eoo.</span> <span class='ocrx_word' id='word_1_42' title='bbox 281 867 403 954; x_wconf 88' lang='lat' dir='ltr'>Turpia</span> <span class='ocrx_word' id='word_1_43' title='bbox 426 867 510 932; x_wconf 87' lang='lat' dir='ltr'>falsa</span> <span class='ocrx_word' id='word_1_44' title='bbox 532 870 617 934; x_wconf 91' lang='lat' dir='ltr'>inter</span> <span class='ocrx_word' id='word_1_45' title='bbox 640 872 821 956; x_wconf 76' lang='lat' dir='ltr'>speciosum</span> <span class='ocrx_word' id='word_1_46' title='bbox 845 870 1012 936; x_wconf 80' lang='lat' dir='ltr'>ostendere</span> <span class='ocrx_word' id='word_1_47' title='bbox 1035 894 1157 956; x_wconf 71' lang='lat' dir='ltr'>verum</span> 
     </span>
     <span class='ocr_line' id='line_1_8' title="bbox 279 973 1210 1067; baseline 0.006 -29"><span class='ocrx_word' id='word_1_48' title='bbox 279 973 479 1060; x_wconf 85' lang='lat' dir='ltr'>Implieitum</span> <span class='ocrx_word' id='word_1_49' title='bbox 502 975 589 1062; x_wconf 92' lang='lat' dir='ltr'>quod</span> <span class='ocrx_word' id='word_1_50' title='bbox 611 976 699 1043; x_wconf 91' lang='lat' dir='ltr'>mille</span> <span class='ocrx_word' id='word_1_51' title='bbox 722 976 797 1062; x_wconf 85' lang='lat' dir='ltr'>doli,</span> <span class='ocrx_word' id='word_1_52' title='bbox 820 977 973 1063; x_wconf 80' lang='lat' dir='ltr'>ambages</span> <span class='ocrx_word' id='word_1_53' title='bbox 996 978 1210 1067; x_wconf 80' lang='lat' dir='ltr'>tenebraeque</span> 
     </span>
     <span class='ocr_line' id='line_1_9' title="bbox 280 1080 1080 1167; baseline 0.008 -23"><span class='ocrx_word' id='word_1_54' title='bbox 280 1080 457 1146; x_wconf 87' lang='lat' dir='ltr'>Involvunt</span> <span class='ocrx_word' id='word_1_55' title='bbox 481 1105 597 1148; x_wconf 86' lang='lat' dir='ltr'>eaeoae</span> <span class='ocrx_word' id='word_1_56' title='bbox 620 1095 652 1148; x_wconf 91' lang='lat' dir='ltr'>et</span> <span class='ocrx_word' id='word_1_57' title='bbox 674 1085 732 1149; x_wconf 81' lang='lat' dir='ltr'>vix</span> <span class='ocrx_word' id='word_1_58' title='bbox 755 1083 957 1149; x_wconf 81' lang='lat' dir='ltr'>extricabilis</span> <span class='ocrx_word' id='word_1_59' title='bbox 979 1107 1080 1167; x_wconf 80' lang='lat' dir='ltr'>error3</span> 
     </span>
     <span class='ocr_line' id='line_1_10' title="bbox 278 1185 1127 1278; baseline 0.005 -26"><span class='ocrx_word' id='word_1_60' title='bbox 278 1185 415 1254; x_wconf 87' lang='lat' dir='ltr'>Diseere</span> <span class='ocrx_word' id='word_1_61' title='bbox 438 1191 507 1254; x_wconf 88' lang='lat' dir='ltr'>sive</span> <span class='ocrx_word' id='word_1_62' title='bbox 529 1191 608 1255; x_wconf 87' lang='lat' dir='ltr'>velit</span> <span class='ocrx_word' id='word_1_63' title='bbox 631 1191 759 1256; x_wconf 88' lang='lat' dir='ltr'>eaelum</span> <span class='ocrx_word' id='word_1_64' title='bbox 782 1191 1009 1277; x_wconf 84' lang='lat' dir='ltr'>volventiaque</span> <span class='ocrx_word' id='word_1_65' title='bbox 1032 1202 1127 1278; x_wconf 86' lang='lat' dir='ltr'>astra,</span> 
     </span>
     <span class='ocr_line' id='line_1_11' title="bbox 279 1295 1176 1385; baseline 0.004 -25"><span class='ocrx_word' id='word_1_66' title='bbox 279 1295 431 1384; x_wconf 78' lang='lat' dir='ltr'>Quidque</span> <span class='ocrx_word' id='word_1_67' title='bbox 454 1308 544 1384; x_wconf 89' lang='lat' dir='ltr'>paret</span> <span class='ocrx_word' id='word_1_68' title='bbox 568 1297 670 1383; x_wconf 83' lang='lat' dir='ltr'>fratri,</span> <span class='ocrx_word' id='word_1_69' title='bbox 694 1322 769 1363; x_wconf 90' lang='lat' dir='ltr'>oum</span> <span class='ocrx_word' id='word_1_70' title='bbox 794 1322 863 1363; x_wconf 90' lang='lat' dir='ltr'>sese</span> <span class='ocrx_word' id='word_1_71' title='bbox 888 1298 1032 1364; x_wconf 85' lang='lat' dir='ltr'>attollere</span> <span class='ocrx_word' id='word_1_72' title='bbox 1056 1310 1176 1385; x_wconf 70' lang='lat' dir='ltr'>eontra,</span> 
     </span>
    </p>

    <p class='ocr_par' dir='ltr' id='par_1_6' title="bbox 187 1404 1230 1922">
     <span class='ocr_line' id='line_1_12' title="bbox 187 1404 1109 1492; baseline 0.009 -29"><span class='ocrx_word' id='word_1_73' title='bbox 187 1423 246 1467; x_wconf 79' lang='lat' dir='ltr'>soa.</span> <span class='ocrx_word' id='word_1_74' title='bbox 279 1404 374 1467; x_wconf 87' lang='lat' dir='ltr'>Luna</span> <span class='ocrx_word' id='word_1_75' title='bbox 396 1413 510 1490; x_wconf 88' lang='lat' dir='ltr'>potens</span> <span class='ocrx_word' id='word_1_76' title='bbox 533 1405 633 1468; x_wconf 88' lang='lat' dir='ltr'>radiis</span> <span class='ocrx_word' id='word_1_77' title='bbox 657 1405 771 1469; x_wconf 89' lang='lat' dir='ltr'>induta</span> <span class='ocrx_word' id='word_1_78' title='bbox 795 1406 979 1470; x_wconf 80' lang='lat' dir='ltr'>minacibus</span> <span class='ocrx_word' id='word_1_79' title='bbox 1003 1405 1109 1492; x_wconf 81' lang='lat' dir='ltr'>audet,</span> 
     </span>
     <span class='ocr_line' id='line_1_13' title="bbox 279 1510 1230 1600; baseline 0.004 -25"><span class='ocrx_word' id='word_1_80' title='bbox 279 1511 347 1575; x_wconf 91' lang='lat' dir='ltr'>Aut</span> <span class='ocrx_word' id='word_1_81' title='bbox 371 1533 447 1575; x_wconf 85' lang='lat' dir='ltr'>eum</span> <span class='ocrx_word' id='word_1_82' title='bbox 471 1510 622 1575; x_wconf 88' lang='lat' dir='ltr'>fraternis</span> <span class='ocrx_word' id='word_1_83' title='bbox 647 1512 810 1597; x_wconf 91' lang='lat' dir='ltr'>quondam</span> <span class='ocrx_word' id='word_1_84' title='bbox 835 1537 869 1578; x_wconf 90' lang='lat' dir='ltr'>se</span> <span class='ocrx_word' id='word_1_85' title='bbox 891 1512 1096 1600; x_wconf 86' lang='lat' dir='ltr'>amplexibus</span> <span class='ocrx_word' id='word_1_86' title='bbox 1120 1515 1230 1597; x_wconf 77' lang='lat' dir='ltr'>infert3</span> 
     </span>
     <span class='ocr_line' id='line_1_14' title="bbox 280 1617 1108 1705; baseline 0.001 -21"><span class='ocrx_word' id='word_1_87' title='bbox 280 1617 342 1684; x_wconf 87' lang='lat' dir='ltr'>Seu</span> <span class='ocrx_word' id='word_1_88' title='bbox 368 1618 549 1704; x_wconf 90' lang='lat' dir='ltr'>siquando</span> <span class='ocrx_word' id='word_1_89' title='bbox 573 1618 641 1683; x_wconf 89' lang='lat' dir='ltr'>fero</span> <span class='ocrx_word' id='word_1_90' title='bbox 663 1619 847 1683; x_wconf 85' lang='lat' dir='ltr'>illaetabilis</span> <span class='ocrx_word' id='word_1_91' title='bbox 869 1621 945 1705; x_wconf 90' lang='lat' dir='ltr'>igne</span> <span class='ocrx_word' id='word_1_92' title='bbox 969 1632 1108 1686; x_wconf 73' lang='lat' dir='ltr'>cometes</span> 
     </span>
     <span class='ocr_line' id='line_1_15' title="bbox 279 1725 1173 1812; baseline 0.006 -22"><span class='ocrx_word' id='word_1_93' title='bbox 279 1725 467 1812; x_wconf 85' lang='lat' dir='ltr'>Regnorum</span> <span class='ocrx_word' id='word_1_94' title='bbox 490 1748 625 1790; x_wconf 90' lang='lat' dir='ltr'>oeoasus</span> <span class='ocrx_word' id='word_1_95' title='bbox 649 1749 828 1811; x_wconf 88' lang='lat' dir='ltr'>regumque</span> <span class='ocrx_word' id='word_1_96' title='bbox 850 1739 995 1793; x_wconf 83' lang='lat' dir='ltr'>extrema</span> <span class='ocrx_word' id='word_1_97' title='bbox 1018 1730 1173 1811; x_wconf 83' lang='lat' dir='ltr'>minatur3</span> 
     </span>
     <span class='ocr_line' id='line_1_16' title="bbox 279 1832 1128 1922; baseline 0.004 -24"><span class='ocrx_word' id='word_1_98' title='bbox 279 1832 346 1898; x_wconf 86' lang='lat' dir='ltr'>Ora</span> <span class='ocrx_word' id='word_1_99' title='bbox 369 1845 426 1898; x_wconf 84' lang='lat' dir='ltr'>aut</span> <span class='ocrx_word' id='word_1_100' title='bbox 450 1856 526 1898; x_wconf 87' lang='lat' dir='ltr'>eum</span> <span class='ocrx_word' id='word_1_101' title='bbox 548 1834 698 1898; x_wconf 88' lang='lat' dir='ltr'>Phoebus</span> <span class='ocrx_word' id='word_1_102' title='bbox 722 1835 822 1898; x_wconf 89' lang='lat' dir='ltr'>radiis</span> <span class='ocrx_word' id='word_1_103' title='bbox 846 1836 987 1900; x_wconf 85' lang='lat' dir='ltr'>oeeultat</span> <span class='ocrx_word' id='word_1_104' title='bbox 1010 1838 1128 1922; x_wconf 91' lang='lat' dir='ltr'>opertis</span> 
     </span>
    </p>

    <p class='ocr_par' dir='ltr' id='par_1_7' title="bbox 187 1940 1199 2460">
     <span class='ocr_line' id='line_1_17' title="bbox 187 1940 1199 2030; baseline 0.01 -30"><span class='ocrx_word' id='word_1_105' title='bbox 187 1960 246 2005; x_wconf 76' lang='lat' dir='ltr'>sio.</span> <span class='ocrx_word' id='word_1_106' title='bbox 279 1940 492 2028; x_wconf 89' lang='lat' dir='ltr'>Immittitque</span> <span class='ocrx_word' id='word_1_107' title='bbox 515 1941 585 2005; x_wconf 91' lang='lat' dir='ltr'>orbi</span> <span class='ocrx_word' id='word_1_108' title='bbox 608 1942 757 2006; x_wconf 87' lang='lat' dir='ltr'>tenebras</span> <span class='ocrx_word' id='word_1_109' title='bbox 782 1953 972 2030; x_wconf 75' lang='lat' dir='ltr'>noctemque</span> <span class='ocrx_word' id='word_1_110' title='bbox 994 1945 1199 2030; x_wconf 83' lang='lat' dir='ltr'>profundam,</span> 
     </span>
     <span class='ocr_line' id='line_1_18' title="bbox 279 2048 1146 2140; baseline 0.003 -28"><span class='ocrx_word' id='word_1_111' title='bbox 279 2048 317 2112; x_wconf 83' lang='lat' dir='ltr'>In</span> <span class='ocrx_word' id='word_1_112' title='bbox 341 2048 449 2113; x_wconf 89' lang='lat' dir='ltr'>media</span> <span class='ocrx_word' id='word_1_113' title='bbox 471 2071 648 2135; x_wconf 89' lang='lat' dir='ltr'>properans</span> <span class='ocrx_word' id='word_1_114' title='bbox 670 2050 801 2134; x_wconf 85' lang='lat' dir='ltr'>regione</span> <span class='ocrx_word' id='word_1_115' title='bbox 824 2049 976 2136; x_wconf 90' lang='lat' dir='ltr'>liquentis</span> <span class='ocrx_word' id='word_1_116' title='bbox 1000 2050 1146 2140; x_wconf 79' lang='lat' dir='ltr'>Olympi3</span> 
     </span>
     <span class='ocr_line' id='line_1_19' title="bbox 279 2154 1096 2244; baseline 0.004 -24"><span class='ocrx_word' id='word_1_117' title='bbox 279 2154 342 2221; x_wconf 87' lang='lat' dir='ltr'>Seu</span> <span class='ocrx_word' id='word_1_118' title='bbox 366 2178 441 2220; x_wconf 88' lang='lat' dir='ltr'>eum</span> <span class='ocrx_word' id='word_1_119' title='bbox 464 2155 542 2220; x_wconf 91' lang='lat' dir='ltr'>luna</span> <span class='ocrx_word' id='word_1_120' title='bbox 565 2156 651 2241; x_wconf 87' lang='lat' dir='ltr'>olim,</span> <span class='ocrx_word' id='word_1_121' title='bbox 674 2157 777 2221; x_wconf 89' lang='lat' dir='ltr'>noetis</span> <span class='ocrx_word' id='word_1_122' title='bbox 802 2156 944 2222; x_wconf 88' lang='lat' dir='ltr'>solamen</span> <span class='ocrx_word' id='word_1_123' title='bbox 968 2180 1096 2244; x_wconf 84' lang='lat' dir='ltr'>opaeae,</span> 
     </span>
     <span class='ocr_line' id='line_1_20' title="bbox 279 2261 1005 2348; baseline 0 -21"><span class='ocrx_word' id='word_1_124' title='bbox 279 2261 428 2327; x_wconf 86' lang='lat' dir='ltr'>Ostendit</span> <span class='ocrx_word' id='word_1_125' title='bbox 450 2265 545 2328; x_wconf 89' lang='lat' dir='ltr'>terris</span> <span class='ocrx_word' id='word_1_126' title='bbox 568 2263 718 2328; x_wconf 86' lang='lat' dir='ltr'>viduatos</span> <span class='ocrx_word' id='word_1_127' title='bbox 741 2263 863 2328; x_wconf 90' lang='lat' dir='ltr'>lumine</span> <span class='ocrx_word' id='word_1_128' title='bbox 886 2264 1005 2348; x_wconf 84' lang='lat' dir='ltr'>vultus,</span> 
     </span>
     <span class='ocr_line' id='line_1_21' title="bbox 279 2370 1100 2460; baseline 0.005 -28"><span class='ocrx_word' id='word_1_129' title='bbox 279 2370 345 2433; x_wconf 87' lang='lat' dir='ltr'>Aut</span> <span class='ocrx_word' id='word_1_130' title='bbox 368 2392 450 2455; x_wconf 88' lang='lat' dir='ltr'>quae</span> <span class='ocrx_word' id='word_1_131' title='bbox 475 2382 609 2436; x_wconf 86' lang='lat' dir='ltr'>naturae</span> <span class='ocrx_word' id='word_1_132' title='bbox 633 2372 683 2436; x_wconf 88' lang='lat' dir='ltr'>vis</span> <span class='ocrx_word' id='word_1_133' title='bbox 707 2372 934 2456; x_wconf 88' lang='lat' dir='ltr'>omnipotentis</span> <span class='ocrx_word' id='word_1_134' title='bbox 958 2370 1100 2460; x_wconf 84' lang='lat' dir='ltr'>Olympo</span> 
     </span>
    </p>

    <p class='ocr_par' dir='ltr' id='par_1_8' title="bbox 185 2477 1197 2992">
     <span class='ocr_line' id='line_1_22' title="bbox 185 2477 1168 2546; baseline 0.008 -9"><span class='ocrx_word' id='word_1_135' title='bbox 185 2495 247 2540; x_wconf 80' lang='lat' dir='ltr'>ers.</span> <span class='ocrx_word' id='word_1_136' title='bbox 282 2477 400 2541; x_wconf 85' lang='lat' dir='ltr'>Exeita</span> <span class='ocrx_word' id='word_1_137' title='bbox 423 2477 520 2542; x_wconf 89' lang='lat' dir='ltr'>rebus</span> <span class='ocrx_word' id='word_1_138' title='bbox 544 2480 626 2543; x_wconf 90' lang='lat' dir='ltr'>inest</span> <span class='ocrx_word' id='word_1_139' title='bbox 650 2501 759 2543; x_wconf 89' lang='lat' dir='ltr'>rerum</span> <span class='ocrx_word' id='word_1_140' title='bbox 783 2489 814 2543; x_wconf 87' lang='lat' dir='ltr'>et</span> <span class='ocrx_word' id='word_1_141' title='bbox 837 2478 1040 2543; x_wconf 78' lang='lat' dir='ltr'>discriminat</span> <span class='ocrx_word' id='word_1_142' title='bbox 1064 2490 1168 2546; x_wconf 86' lang='lat' dir='ltr'>aetus:</span> 
     </span>
     <span class='ocr_line' id='line_1_23' title="bbox 278 2583 1197 2672; baseline 0.008 -27"><span class='ocrx_word' id='word_1_143' title='bbox 278 2583 434 2668; x_wconf 86' lang='lat' dir='ltr'>Magnum</span> <span class='ocrx_word' id='word_1_144' title='bbox 458 2608 538 2670; x_wconf 88' lang='lat' dir='ltr'>opus</span> <span class='ocrx_word' id='word_1_145' title='bbox 561 2584 704 2648; x_wconf 88' lang='lat' dir='ltr'>humana</span> <span class='ocrx_word' id='word_1_146' title='bbox 727 2597 758 2650; x_wconf 89' lang='lat' dir='ltr'>et</span> <span class='ocrx_word' id='word_1_147' title='bbox 782 2586 839 2649; x_wconf 88' lang='lat' dir='ltr'>vix</span> <span class='ocrx_word' id='word_1_148' title='bbox 862 2585 1087 2672; x_wconf 83' lang='lat' dir='ltr'>exsuperabile</span> <span class='ocrx_word' id='word_1_149' title='bbox 1111 2610 1197 2652; x_wconf 84' lang='lat' dir='ltr'>eura.</span> 
     </span>
     <span class='ocr_line' id='line_1_24' title="bbox 279 2690 1127 2778; baseline 0.005 -25"><span class='ocrx_word' id='word_1_150' title='bbox 279 2690 337 2754; x_wconf 83' lang='lat' dir='ltr'>Est</span> <span class='ocrx_word' id='word_1_151' title='bbox 361 2700 392 2754; x_wconf 92' lang='lat' dir='ltr'>et</span> <span class='ocrx_word' id='word_1_152' title='bbox 416 2691 584 2778; x_wconf 90' lang='lat' dir='ltr'>apollineis</span> <span class='ocrx_word' id='word_1_153' title='bbox 608 2692 698 2757; x_wconf 85' lang='lat' dir='ltr'>loeus</span> <span class='ocrx_word' id='word_1_154' title='bbox 722 2693 855 2777; x_wconf 85' lang='lat' dir='ltr'>artibus,</span> <span class='ocrx_word' id='word_1_155' title='bbox 879 2693 983 2757; x_wconf 90' lang='lat' dir='ltr'>obsita</span> <span class='ocrx_word' id='word_1_156' title='bbox 1007 2694 1127 2758; x_wconf 91' lang='lat' dir='ltr'>morbis</span> 
     </span>
     <span class='ocr_line' id='line_1_25' title="bbox 276 2796 1126 2886; baseline 0.004 -25"><span class='ocrx_word' id='word_1_157' title='bbox 276 2796 418 2883; x_wconf 82' lang='lat' dir='ltr'>Corpora</span> <span class='ocrx_word' id='word_1_158' title='bbox 441 2822 524 2884; x_wconf 91' lang='lat' dir='ltr'>quae</span> <span class='ocrx_word' id='word_1_159' title='bbox 548 2799 611 2864; x_wconf 91' lang='lat' dir='ltr'>leto</span> <span class='ocrx_word' id='word_1_160' title='bbox 634 2801 771 2886; x_wconf 89' lang='lat' dir='ltr'>eripiant</span> <span class='ocrx_word' id='word_1_161' title='bbox 796 2801 936 2886; x_wconf 89' lang='lat' dir='ltr'>fatisque</span> <span class='ocrx_word' id='word_1_162' title='bbox 960 2802 1126 2886; x_wconf 83' lang='lat' dir='ltr'>supremis,</span> 
     </span>
     <span class='ocr_line' id='line_1_26' title="bbox 278 2903 1107 2992; baseline 0.001 -23"><span class='ocrx_word' id='word_1_163' title='bbox 278 2903 434 2992; x_wconf 80' lang='lat' dir='ltr'>Quaeque</span> <span class='ocrx_word' id='word_1_164' title='bbox 458 2906 672 2991; x_wconf 76' lang='lat' dir='ltr'>adventantis,</span> <span class='ocrx_word' id='word_1_165' title='bbox 696 2907 852 2991; x_wconf 89' lang='lat' dir='ltr'>meliores,</span> <span class='ocrx_word' id='word_1_166' title='bbox 876 2908 981 2971; x_wconf 89' lang='lat' dir='ltr'>tristia</span> <span class='ocrx_word' id='word_1_167' title='bbox 1004 2907 1107 2972; x_wconf 91' lang='lat' dir='ltr'>morbi</span> 
     </span>
    </p>

    <p class='ocr_par' dir='ltr' id='par_1_9' title="bbox 181 3013 1229 3529">
     <span class='ocr_line' id='line_1_27' title="bbox 181 3013 1180 3101; baseline 0.005 -29"><span class='ocrx_word' id='word_1_168' title='bbox 181 3027 243 3075; x_wconf 78' lang='lat' dir='ltr'>sao.</span> <span class='ocrx_word' id='word_1_169' title='bbox 279 3013 410 3079; x_wconf 84' lang='lat' dir='ltr'>Semina</span> <span class='ocrx_word' id='word_1_170' title='bbox 432 3014 631 3100; x_wconf 80' lang='lat' dir='ltr'>praecidant,</span> <span class='ocrx_word' id='word_1_171' title='bbox 653 3016 840 3101; x_wconf 76' lang='lat' dir='ltr'>intactaque</span> <span class='ocrx_word' id='word_1_172' title='bbox 863 3037 999 3100; x_wconf 86' lang='lat' dir='ltr'>eorpora</span> <span class='ocrx_word' id='word_1_173' title='bbox 1021 3026 1150 3079; x_wconf 87' lang='lat' dir='ltr'>servent</span> <span class='ocrx_word' id='word_1_174' title='bbox 1163 3021 1180 3077; x_wconf 90' lang='lat'>¹.</span> 
     </span>
     <span class='ocr_line' id='line_1_28' title="bbox 278 3120 1229 3207; baseline 0.002 -24"><span class='ocrx_word' id='word_1_175' title='bbox 278 3120 343 3184; x_wconf 88' lang='lat' dir='ltr'>Hie</span> <span class='ocrx_word' id='word_1_176' title='bbox 367 3144 502 3207; x_wconf 77' lang='lat' dir='ltr'>quoque,</span> <span class='ocrx_word' id='word_1_177' title='bbox 525 3122 714 3207; x_wconf 82' lang='lat' dir='ltr'>pontificum</span> <span class='ocrx_word' id='word_1_178' title='bbox 738 3124 889 3186; x_wconf 87' lang='lat' dir='ltr'>maiestas</span> <span class='ocrx_word' id='word_1_179' title='bbox 914 3145 1041 3185; x_wconf 91' lang='lat' dir='ltr'>summa</span> <span class='ocrx_word' id='word_1_180' title='bbox 1064 3121 1229 3201; x_wconf 86' lang='lat' dir='ltr'>Quiritum</span> 
     </span>
     <span class='ocr_line' id='line_1_29' title="bbox 279 3227 1147 3315; baseline 0 -24"><span class='ocrx_word' id='word_1_181' title='bbox 279 3227 361 3307; x_wconf 89' lang='lat' dir='ltr'>Quis</span> <span class='ocrx_word' id='word_1_182' title='bbox 384 3238 476 3314; x_wconf 87' lang='lat' dir='ltr'>regat</span> <span class='ocrx_word' id='word_1_183' title='bbox 499 3229 653 3313; x_wconf 78' lang='lat' dir='ltr'>imperiis,</span> <span class='ocrx_word' id='word_1_184' title='bbox 677 3251 740 3314; x_wconf 91' lang='lat' dir='ltr'>qua</span> <span class='ocrx_word' id='word_1_185' title='bbox 763 3229 835 3315; x_wconf 89' lang='lat' dir='ltr'>lege</span> <span class='ocrx_word' id='word_1_186' title='bbox 858 3239 1004 3294; x_wconf 80' lang='lat' dir='ltr'>coereeat</span> <span class='ocrx_word' id='word_1_187' title='bbox 1028 3227 1147 3312; x_wconf 74' lang='lat' dir='ltr'>orbem,</span> 
     </span>
     <span class='ocr_line' id='line_1_30' title="bbox 276 3334 1203 3421; baseline 0 -22"><span class='ocrx_word' id='word_1_188' title='bbox 276 3335 379 3400; x_wconf 88' lang='lat' dir='ltr'>Nosse</span> <span class='ocrx_word' id='word_1_189' title='bbox 403 3345 459 3420; x_wconf 77' lang='lat' dir='ltr'>est,</span> <span class='ocrx_word' id='word_1_190' title='bbox 482 3334 644 3399; x_wconf 89' lang='lat' dir='ltr'>humanae</span> <span class='ocrx_word' id='word_1_191' title='bbox 667 3337 771 3421; x_wconf 88' lang='lat' dir='ltr'>posita</span> <span class='ocrx_word' id='word_1_192' title='bbox 795 3346 842 3400; x_wconf 90' lang='lat' dir='ltr'>est</span> <span class='ocrx_word' id='word_1_193' title='bbox 866 3359 948 3421; x_wconf 88' lang='lat' dir='ltr'>quae</span> <span class='ocrx_word' id='word_1_194' title='bbox 971 3335 1085 3421; x_wconf 87' lang='lat' dir='ltr'>regula</span> <span class='ocrx_word' id='word_1_195' title='bbox 1108 3337 1203 3400; x_wconf 85' lang='lat' dir='ltr'>vitae.</span> 
     </span>
     <span class='ocr_line' id='line_1_31' title="bbox 277 3442 1078 3529; baseline -0.001 -23"><span class='ocrx_word' id='word_1_196' title='bbox 277 3442 401 3507; x_wconf 88' lang='lat' dir='ltr'>Ultima</span> <span class='ocrx_word' id='word_1_197' title='bbox 424 3442 549 3507; x_wconf 89' lang='lat' dir='ltr'>sidereo</span> <span class='ocrx_word' id='word_1_198' title='bbox 573 3442 716 3507; x_wconf 81' lang='lat' dir='ltr'>condunt</span> <span class='ocrx_word' id='word_1_199' title='bbox 741 3453 838 3529; x_wconf 87' lang='lat' dir='ltr'>eaput</span> <span class='ocrx_word' id='word_1_200' title='bbox 862 3443 965 3506; x_wconf 85' lang='lat' dir='ltr'>ardua</span> <span class='ocrx_word' id='word_1_201' title='bbox 988 3443 1078 3507; x_wconf 86' lang='lat' dir='ltr'>eaelo</span> 
     </span>
    </p>

    <p class='ocr_par' dir='ltr' id='par_1_10' title="bbox 179 3549 1254 4064">
     <span class='ocr_line' id='line_1_32' title="bbox 179 3549 948 3633; baseline 0.005 -23"><span class='ocrx_word' id='word_1_202' title='bbox 179 3568 243 3613; x_wconf 76' lang='lat' dir='ltr'>aas.</span> <span class='ocrx_word' id='word_1_203' title='bbox 278 3550 400 3614; x_wconf 89' lang='lat' dir='ltr'>Divino</span> <span class='ocrx_word' id='word_1_204' title='bbox 424 3573 493 3614; x_wconf 90' lang='lat' dir='ltr'>sese</span> <span class='ocrx_word' id='word_1_205' title='bbox 518 3549 626 3614; x_wconf 90' lang='lat' dir='ltr'>studia</span> <span class='ocrx_word' id='word_1_206' title='bbox 649 3551 827 3615; x_wconf 90' lang='lat' dir='ltr'>attollentia</span> <span class='ocrx_word' id='word_1_207' title='bbox 851 3560 948 3633; x_wconf 67' lang='lat' dir='ltr'>motu7</span> 
     </span>
     <span class='ocr_line' id='line_1_33' title="bbox 276 3656 1199 3743; baseline -0.001 -23"><span class='ocrx_word' id='word_1_208' title='bbox 276 3656 359 3737; x_wconf 91' lang='lat' dir='ltr'>Quis</span> <span class='ocrx_word' id='word_1_209' title='bbox 382 3657 515 3721; x_wconf 85' lang='lat' dir='ltr'>meliora</span> <span class='ocrx_word' id='word_1_210' title='bbox 537 3657 684 3722; x_wconf 90' lang='lat' dir='ltr'>homines</span> <span class='ocrx_word' id='word_1_211' title='bbox 708 3668 868 3743; x_wconf 89' lang='lat' dir='ltr'>nequeant</span> <span class='ocrx_word' id='word_1_212' title='bbox 891 3657 1097 3741; x_wconf 88' lang='lat' dir='ltr'>humanaque</span> <span class='ocrx_word' id='word_1_213' title='bbox 1121 3678 1199 3720; x_wconf 88' lang='lat' dir='ltr'>eura</span> 
     </span>
     <span class='ocr_line' id='line_1_34' title="bbox 277 3762 1142 3850; baseline -0.001 -22"><span class='ocrx_word' id='word_1_214' title='bbox 277 3764 450 3850; x_wconf 75' lang='lat' dir='ltr'>Quaerere,</span> <span class='ocrx_word' id='word_1_215' title='bbox 474 3765 546 3850; x_wconf 90' lang='lat' dir='ltr'>quis</span> <span class='ocrx_word' id='word_1_216' title='bbox 568 3775 635 3829; x_wconf 93' lang='lat' dir='ltr'>toto</span> <span class='ocrx_word' id='word_1_217' title='bbox 658 3765 740 3828; x_wconf 93' lang='lat' dir='ltr'>nihil</span> <span class='ocrx_word' id='word_1_218' title='bbox 763 3774 811 3829; x_wconf 91' lang='lat' dir='ltr'>est</span> <span class='ocrx_word' id='word_1_219' title='bbox 834 3763 1033 3850; x_wconf 83' lang='lat' dir='ltr'>praeclarius</span> <span class='ocrx_word' id='word_1_220' title='bbox 1057 3762 1142 3827; x_wconf 85' lang='lat' dir='ltr'>orbe.</span> 
     </span>
     <span class='ocr_line' id='line_1_35' title="bbox 276 3870 1254 3960; baseline -0.003 -24"><span class='ocrx_word' id='word_1_221' title='bbox 276 3871 416 3937; x_wconf 78' lang='lat' dir='ltr'>Credere</span> <span class='ocrx_word' id='word_1_222' title='bbox 441 3871 519 3960; x_wconf 92' lang='lat' dir='ltr'>quid</span> <span class='ocrx_word' id='word_1_223' title='bbox 544 3873 594 3936; x_wconf 89' lang='lat' dir='ltr'>fas</span> <span class='ocrx_word' id='word_1_224' title='bbox 618 3883 665 3937; x_wconf 89' lang='lat' dir='ltr'>est</span> <span class='ocrx_word' id='word_1_225' title='bbox 688 3872 821 3956; x_wconf 84' lang='lat' dir='ltr'>homini,</span> <span class='ocrx_word' id='word_1_226' title='bbox 844 3872 929 3958; x_wconf 91' lang='lat' dir='ltr'>quod</span> <span class='ocrx_word' id='word_1_227' title='bbox 954 3871 1085 3936; x_wconf 87' lang='lat' dir='ltr'>eredere</span> <span class='ocrx_word' id='word_1_228' title='bbox 1109 3870 1254 3956; x_wconf 78' lang='lat' dir='ltr'>dignum,</span> 
     </span>
     <span class='ocr_line' id='line_1_36' title="bbox 276 3976 1174 4064; baseline 0.001 -25"><span class='ocrx_word' id='word_1_229' title='bbox 276 3976 338 4040; x_wconf 92' lang='lat' dir='ltr'>Illa</span> <span class='ocrx_word' id='word_1_230' title='bbox 361 3978 490 4061; x_wconf 82' lang='lat' dir='ltr'>doeent3</span> <span class='ocrx_word' id='word_1_231' title='bbox 515 3981 639 4044; x_wconf 85' lang='lat' dir='ltr'>animos</span> <span class='ocrx_word' id='word_1_232' title='bbox 663 3992 794 4044; x_wconf 88' lang='lat' dir='ltr'>aeterna</span> <span class='ocrx_word' id='word_1_233' title='bbox 817 3978 860 4042; x_wconf 92' lang='lat' dir='ltr'>ud</span> <span class='ocrx_word' id='word_1_234' title='bbox 883 3978 1005 4064; x_wconf 85' lang='lat' dir='ltr'>gaudia</span> <span class='ocrx_word' id='word_1_235' title='bbox 1027 3988 1174 4064; x_wconf 82' lang='lat' dir='ltr'>poseant,</span> 
     </span>
    </p>

    <p class='ocr_par' dir='ltr' id='par_1_11' title="bbox 180 4083 1101 4388">
     <span class='ocr_line' id='line_1_37' title="bbox 180 4083 1047 4152; baseline 0.008 -10"><span class='ocrx_word' id='word_1_236' title='bbox 180 4101 240 4147; x_wconf 80' lang='lat' dir='ltr'>seo.</span> <span class='ocrx_word' id='word_1_237' title='bbox 274 4083 428 4149; x_wconf 89' lang='lat' dir='ltr'>Mollibus</span> <span class='ocrx_word' id='word_1_238' title='bbox 452 4096 482 4150; x_wconf 91' lang='lat' dir='ltr'>et</span> <span class='ocrx_word' id='word_1_239' title='bbox 506 4089 602 4151; x_wconf 89' lang='lat' dir='ltr'>iussis</span> <span class='ocrx_word' id='word_1_240' title='bbox 627 4097 749 4152; x_wconf 77' lang='lat' dir='ltr'>acuunt</span> <span class='ocrx_word' id='word_1_241' title='bbox 773 4086 922 4150; x_wconf 88' lang='lat' dir='ltr'>mortalia</span> <span class='ocrx_word' id='word_1_242' title='bbox 947 4086 1047 4150; x_wconf 86' lang='lat' dir='ltr'>eorde</span> 
     </span>
     <span class='ocr_line' id='line_1_38' title="bbox 275 4191 1067 4280; baseline 0.003 -25"><span class='ocrx_word' id='word_1_243' title='bbox 275 4191 384 4278; x_wconf 87' lang='lat' dir='ltr'>Atque</span> <span class='ocrx_word' id='word_1_244' title='bbox 408 4204 514 4258; x_wconf 82' lang='lat' dir='ltr'>ereata</span> <span class='ocrx_word' id='word_1_245' title='bbox 538 4195 602 4258; x_wconf 89' lang='lat' dir='ltr'>alto</span> <span class='ocrx_word' id='word_1_246' title='bbox 626 4196 751 4260; x_wconf 75' lang='lat' dir='ltr'>faciunt</span> <span class='ocrx_word' id='word_1_247' title='bbox 775 4216 945 4280; x_wconf 86' lang='lat' dir='ltr'>assurgere</span> <span class='ocrx_word' id='word_1_248' title='bbox 969 4192 1067 4276; x_wconf 86' lang='lat' dir='ltr'>eaelo,</span> 
     </span>
     <span class='ocr_line' id='line_1_39' title="bbox 276 4299 1101 4388; baseline 0 -24"><span class='ocrx_word' id='word_1_249' title='bbox 276 4299 497 4366; x_wconf 89' lang='lat' dir='ltr'>Imrnortalem</span> <span class='ocrx_word' id='word_1_250' title='bbox 520 4302 641 4365; x_wconf 89' lang='lat' dir='ltr'>homini</span> <span class='ocrx_word' id='word_1_251' title='bbox 666 4303 752 4367; x_wconf 87' lang='lat' dir='ltr'>solae</span> <span class='ocrx_word' id='word_1_252' title='bbox 776 4301 968 4388; x_wconf 87' lang='lat' dir='ltr'>spondentia</span> <span class='ocrx_word' id='word_1_253' title='bbox 991 4302 1101 4386; x_wconf 79' lang='lat' dir='ltr'>vitam,</span> 
     </span>
    </p>
   </div>
   <div class='ocr_carea' id='block_1_5' title="bbox 278 4495 731 4570">
    <p class='ocr_par' dir='ltr' id='par_1_12' title="bbox 278 4495 731 4570">
     <span class='ocr_line' id='line_1_40' title="bbox 278 4495 731 4570; baseline -0.007 -19"><span class='ocrx_word' id='word_1_254' title='bbox 278 4495 287 4527; x_wconf 91' lang='lat'><strong>¹</strong></span> <span class='ocrx_word' id='word_1_255' title='bbox 307 4499 370 4551; x_wconf 82' lang='lat' dir='ltr'>Mes.</span> <span class='ocrx_word' id='word_1_256' title='bbox 391 4497 577 4570; x_wconf 63' lang='lat' dir='ltr'>,praecidunt</span> <span class='ocrx_word' id='word_1_257' title='bbox 597 4501 731 4552; x_wconf 78' lang='lat' dir='ltr'>servant“.</span> 
     </span>
    </p>
   </div>
   <div class='ocr_carea' id='block_1_6' title="bbox 0 0 1512 5310">
    <p class='ocr_par' dir='ltr' id='par_1_13' title="bbox 0 0 1512 5310">
     <span class='ocr_line' id='line_1_41' title="bbox 0 0 1512 5310; baseline 0 0"><span class='ocrx_word' id='word_1_258' title='bbox 0 0 1512 5310; x_wconf 95' lang='lat' dir='ltr'> </span> 
     </span>
    </p>
   </div>
  </div>
 </body>
</html>
