3016 5310
297 638 371 701 Non
394 657 532 724 parcens
556 634 637 699 adeo
659 633 853 721 pastoribus,
876 633 980 698 ardua
1001 653 1139 719 quorum

299 742 425 810 Obtutu
448 764 540 808 mens
562 742 631 806 fixa
653 742 763 806 Deum
785 739 961 806 meditatur
983 749 1015 805 et
1038 747 1134 804 astra.

387 850 542 934 Plurima,
555 870 639 932 quae
651 847 802 913 lacrimas
811 857 962 911 moveant
970 845 1198 933 tibi,plurima,
1210 845 1334 953 luctum

299 956 392 1037 Quae
416 957 531 1040 cieant,
554 954 610 1020 bie
631 955 783 1041 aspicias3
807 953 947 1018 andacia
968 953 1082 1040 paucis

216 1086 265 1128 oo.
295 1063 434 1128 Incessit
456 1084 579 1127 vesana
600 1063 689 1147 viris,
713 1084 793 1148 quos
818 1060 937 1125 mobile
959 1059 1088 1147 vulgus,

298 1169 388 1250 Quos
412 1170 558 1256 sequitur
579 1167 671 1255 plebs
694 1167 793 1232 stulta
815 1167 924 1233 duces.
954 1167 1100 1253 Antiqua
1121 1166 1246 1254 perosis

299 1276 358 1340 Est
382 1275 526 1341 studium
549 1275 678 1362 templis
702 1274 782 1339 alios
804 1274 961 1340 inducere
984 1275 1074 1358 ritus,

297 1382 423 1449 Morem
446 1382 555 1446 alium.
587 1381 753 1468 Quicquid
775 1381 963 1447 venerabile
984 1380 1120 1446 tradidit
1144 1402 1262 1445 aevum

298 1490 468 1574 liciorum,
491 1489 661 1570 damnant3
684 1487 790 1576 pudor
811 1488 869 1553 hos
893 1510 958 1553 non
982 1489 1125 1553 continet
1148 1486 1235 1551 ullus

217 1617 265 1660 ae.
295 1595 458 1682 Nullaque
482 1604 669 1660 sanctorum
691 1597 796 1682 tangit
820 1597 1001 1661 reverentia
1023 1604 1162 1682 patrum.

300 1704 372 1768 Hoc
396 1704 493 1787 ausis,
517 1703 667 1786 quamvis
690 1725 755 1766 non
779 1724 845 1766 una
868 1702 1045 1788 eademque
1069 1702 1199 1787 secutis,

298 1808 459 1875 Omnibus
482 1808 569 1874 idem
593 1810 721 1873 animus
744 1809 927 1874 &manum
951 1807 1143 1874 exscindere
1163 1830 1288 1889 nomen,

298 1916 462 1981 Exeruere
485 1915 580 1998 odiis3
604 1916 681 1980 hinc
705 1914 796 2001 vulgi
820 1916 956 1980 amentis
980 1916 1013 1979 in
1038 1914 1120 1978 illud

298 2022 474 2087 Exacuunt
498 2023 572 2086 iras.
603 2022 644 2087 In
667 2044 769 2109 papae
793 2023 923 2087 nominc
946 2044 1049 2086 noxas

216 2150 264 2192 oo.
296 2129 494 2215 Congesscre
518 2151 642 2211 omnes3
666 2128 727 2194 boc
751 2130 881 2194 nomine
904 2130 1028 2195 crimen
1051 2129 1086 2192 in
1105 2150 1172 2192 uno
1195 2139 1244 2194 est

298 2235 412 2321 Oume,
435 2235 520 2323 qued
544 2236 578 2300 in
602 2237 696 2300 terris
719 2258 864 2320 unquam
889 2236 960 2321 fuit,
984 2258 1078 2300 omne
1102 2234 1189 2321 quod
1212 2236 1306 2299 iruam

297 2341 338 2406 In
363 2353 458 2431 styga
482 2343 619 2408 detrusit
642 2342 801 2408 mortales.
831 2342 945 2408 Noctis
969 2342 1129 2427 alumnae,

298 2449 458 2514 Luctifiea
481 2449 596 2514 Alecto
620 2459 651 2514 et
676 2450 781 2514 saevis
805 2450 956 2515 redimita
978 2451 1132 2536 Megaera

297 2555 472 2640 Anguibus
495 2555 706 2643 horribilique
730 2557 841 2622 furens
865 2558 1014 2622 accincta
1036 2557 1167 2643 flagello

215 2682 263 2725 ct.
295 2661 470 2748 Tisiphone
495 2686 584 2728 soror
607 2673 664 2748 est,
688 2663 785 2749 dices,
809 2663 987 2728 tolerabilis
1009 2665 1090 2748 istis,

297 2768 493 2856 Invisusque
516 2771 645 2856 triceps,
669 2770 815 2835 infernae
838 2771 957 2835 ianitor
980 2771 1082 2854 aulae,

297 2874 457 2941 Cerberus
481 2888 529 2942 cst
551 2878 668 2961 minus,
691 2888 723 2942 et
746 2877 903 2964 quicquid
925 2878 1049 2943 finxere
1072 2886 1185 2963 poetae

296 2983 462 3048 Dirarum.
492 2984 619 3048 Nomen
643 2985 696 3049 cui
720 2984 909 3049 detestabile
932 3006 1034 3071 papae
1058 2993 1115 3069 est,

297 3090 415 3155 Noster
436 3090 490 3155 bic
513 3100 570 3175 est,
594 3091 698 3173 aiunt3
722 3090 827 3156 disces
852 3093 880 3156 si
903 3102 1018 3170 cetera,
1041 3102 1169 3156 tautum

216 3217 263 3260 to.
294 3196 384 3261 Inter
407 3220 441 3262 se
465 3196 596 3281 distant,
620 3207 778 3283 quantum
800 3221 864 3262 nou
889 3197 1025 3262 dissidet
1047 3198 1152 3262 Indus

297 3303 446 3369 Gadibus
470 3327 490 3367 a
511 3305 617 3393 tyriis,
640 3315 797 3391 quantum
819 3305 908 3369 haud
932 3327 1067 3370 occasus
1091 3306 1133 3372 ab
1157 3314 1239 3370 ortu.

298 3411 425 3474 Eurum
448 3411 641 3498 compuleris
665 3411 869 3477 nabathaeal
891 3412 1073 3499 relinquere
1095 3434 1198 3501 regna

297 3516 399 3581 Ocius
423 3528 478 3582 aut
502 3517 613 3607 libyco
635 3518 766 3583 boream
791 3521 999 3585 coniunxeris
1023 3528 1140 3606 austra,

298 3623 415 3709 Quam,
439 3625 502 3689 sibi
525 3648 607 3712 quae
630 3648 730 3712 prave
752 3626 807 3691 hic
830 3628 947 3690 annuis
971 3625 1085 3691 defixit
1108 3636 1139 3693 et
1162 3627 1226 3715 illc,

216 3750 264 3794 rs.
295 3730 443 3817 Deserat,
467 3741 523 3796 aut
546 3755 643 3797 sensu
668 3733 733 3796 duo
756 3735 983 3798 consocientur
1005 3733 1132 3817 codem,

298 3837 457 3916 Quamvis
482 3861 546 3903 non
569 3862 700 3926 paucos,
724 3862 861 3925 qnorum
885 3842 1044 3906 sententia
1067 3863 1163 3906 versa
1186 3851 1235 3907 est

297 3945 337 4008 In
361 3945 486 4030 melius,
510 3968 682 4011 numerare
705 3946 789 4031 licet,
813 3969 947 4011 romana
969 3968 1099 4034 perosos

297 4051 392 4116 Peste
415 4053 519 4138 magis
542 4053 661 4138 placita
685 4075 724 4117 ac
748 4053 837 4138 diris,
860 4076 948 4118 nunc
971 4064 1101 4140 pectore
1123 4064 1189 4119 toto

298 4158 475 4244 Amplexos
499 4160 621 4244 eadem,
645 4161 692 4224 nil
716 4161 847 4226 credere
871 4161 1015 4225 sanctius
1038 4160 1111 4225 illis.

216 4286 264 4329 ao.
296 4266 339 4329 Et
361 4265 467 4351 pudor
490 4266 653 4332 humanus
677 4269 740 4332 nisi
763 4268 921 4354 quosdam
944 4278 975 4332 et
998 4269 1116 4332 noxius
1139 4269 1218 4333 elim

300 4496 309 4527 ยน
329 4502 447 4564 arabica,
467 4499 616 4551 orientalia
