3016 5310
434 635 541 720 Suom,
565 634 678 700 volens
702 635 842 700 demissa
865 635 1028 721 animique
1052 633 1152 699 oblita
1174 633 1331 697 tumentis

436 742 577 829 Sceptris
601 742 685 807 laeta
707 743 771 806 tuis
797 740 873 805 urbs
898 764 967 807 sese
990 740 1124 805 tradidit
1148 740 1241 825 ultro,

352 869 400 914 aa.
430 850 678 937 Paucorumque
702 871 796 936 aspro
819 849 987 913 dominatu
1010 847 1114 912 libera
1137 846 1226 911 faeta

434 956 516 1021 Tota
538 967 595 1021 tua
618 966 675 1041 est
697 955 901 1042 hominisque
924 955 1098 1039 simillima,
1122 953 1247 1019 seilie-et
1270 964 1341 1018 arto

434 1064 574 1151 Ereptus
598 1064 653 1151 qui
678 1063 809 1128 servitio
834 1062 980 1149 duraque
1004 1072 1127 1147 eatena,

434 1169 592 1256 Tempore
615 1192 712 1256 quam
735 1169 832 1256 longo
856 1192 1002 1234 maerens
1026 1170 1060 1232 in
1084 1189 1215 1233 earcere
1237 1169 1348 1254 gessit,

435 1277 588 1341 Exsultat
610 1278 719 1365 prisea
741 1300 800 1363 pro
824 1277 972 1342 libertate
996 1285 1135 1362 receptu,

353 1405 401 1448 so.
431 1384 631 1470 Tectumque
654 1394 839 1471 augustum,
862 1394 993 1449 eentum
1016 1404 1178 1470 supraque
1200 1390 1356 1468 negatum

434 1490 550 1575 Annis,
572 1491 730 1554 festinans
754 1491 841 1578 quod
864 1514 940 1555 mox
964 1490 1006 1554 ad
1029 1490 1137 1554 sidera
1159 1488 1260 1573 tollat,

435 1596 656 1684 Spectandum
677 1598 790 1684 procul
814 1610 845 1664 et
870 1607 1001 1662 eentum
1023 1596 1162 1661 sublime
1184 1595 1355 1679 aolumnis,

433 1706 501 1769 Dat
524 1703 583 1768 tibi
607 1705 784 1770 Matlaviae
807 1706 849 1770 ad
872 1707 960 1792 ripas
983 1704 1185 1791 properantis
1208 1703 1244 1767 in
1267 1703 1381 1766 altum.

435 1811 497 1876 Illa
519 1811 580 1876 tibi
603 1812 704 1897 sedes,
729 1822 827 1898 eaput
850 1812 950 1897 urbis,
974 1813 1065 1877 ouria
1087 1833 1202 1895 regum

352 1939 399 1983 se.
430 1918 525 1984 Celsa
547 1919 746 2005 polonorum,
771 1943 833 2006 quo
856 1930 892 1984 tu
915 1919 1081 2004 laetusque
1105 1927 1236 1982 senatus

434 2025 587 2115 Ordoqua
611 2028 783 2093 conveniat
807 2027 918 2091 multis
942 2027 1078 2113 stipatus
1102 2025 1270 2112 equestris,

433 2132 530 2198 Unde
552 2143 664 2221 petant
686 2156 840 2219 responsa
864 2133 941 2197 dare
964 2142 996 2197 et
1019 2132 1081 2223 sibi
1104 2132 1177 2195 iura
1200 2129 1348 2195 volent-es

434 2238 642 2328 Supplioibus
666 2242 756 2305 eires
780 2242 873 2324 votis,
897 2239 1028 2304 oruoulu
1051 2250 1217 2326 tamquam

432 2347 534 2410 Missa
556 2346 637 2434 polo,
660 2371 743 2435 quae
765 2348 843 2411 olim
866 2370 989 2412 morem
1012 2358 1179 2432 terraeque
1202 2345 1351 2431 marique

351 2474 399 2516 ιο.
430 2452 602 2539 imponant
625 2454 688 2518 late
711 2477 893 2541 poenasque
917 2455 950 2517 in
974 2455 1111 2518 erimina
1135 2454 1245 2538 figunt.

432 2559 506 2625 Hoe
528 2570 560 2625 te
583 2584 659 2647 rege
683 2562 782 2626 deous
805 2562 969 2647 quaesisse
992 2559 1126 2624 Polonia
1148 2557 1283 2645 gaudet3

433 2665 583 2733 Gaudeat
605 2679 636 2733 et
659 2668 792 2754 longum
816 2678 852 2730 ut
875 2669 975 2754 possit
998 2666 1149 2753 gaudere,
1172 2687 1326 2753 proouru.

431 2773 496 2837 Res
519 2796 557 2839 ea
580 2786 611 2840 te
635 2797 814 2861 nomenque
836 2787 930 2838 tuum
954 2797 1051 2861 super
1074 2773 1204 2838 aethera
1225 2771 1331 2853 tollet3

431 2880 633 2968 Regalesqne
657 2892 728 2946 tuos
752 2891 899 2946 aeternos
922 2881 1037 2946 reddet
1058 2880 1203 2944 honores.

554 3352 951 3413 PROSOPOPOEIA
981 3352 1237 3421 DANTISCI,

881 3476 915 3525 ad

348 3578 565 3646 IOANNEM
591 3581 811 3665 PROITUM,
844 3579 1095 3647 GEORGIUM
1121 3573 1441 3655 OLEFELDIUiL

348 3704 699 3771 CONSTANTINUM
722 3707 979 3791 FERBERUM,
1007 3701 1253 3770 ALBERTUM
1276 3698 1441 3781 GISIUM,

628 3833 769 3897 optimates
790 3833 893 3883 seilicet
912 3848 982 3895 suos,
1000 3830 1133 3896 loquentis
1143 3827 1159 3882 ¹.

432 3960 522 4037 Quos
545 3981 605 4043 ego
628 3959 824 4022 Dantisoum
846 3956 987 4040 tandem,
1010 3955 1181 4019 mitissima
1204 3975 1317 4041 passos

432 4065 551 4150 Exilia,
574 4064 663 4129 haud
685 4066 817 4129 meritus
841 4086 960 4152 poenas
983 4071 1015 4127 et
1038 4061 1148 4126 debita
1171 4058 1269 4124 saetis

433 4170 607 4259 Supplicia,
631 4171 810 4236 incolumes
834 4170 875 4234 ad
899 4170 1025 4234 moenia
1049 4179 1160 4232 nostra
1182 4188 1333 4232 reversos

433 4423 444 4452 ¹
463 4424 540 4474 Com.
555 4420 695 4476 186-193
710 4445 734 4465 =
755 4438 806 4472 oss.
826 4417 940 4472 59-66.
959 4420 1093 4484 Scriptum
1111 4422 1153 4468 est
1164 4416 1215 4467 hoe
1227 4429 1338 4467 carmen
1348 4428 1372 4465 a.
1384 4410 1458 4472 1570,

326 4531 377 4580 quo
396 4513 537 4578 optimates
557 4512 754 4565 Godaneusium
773 4510 888 4561 vinculis
907 4508 1016 4560 liberati
1033 4508 1140 4558 domum
1167 4510 1230 4557 sunt
1247 4504 1360 4556 dimissi.
