3016 5310
179 434 225 499 48
663 451 739 486 rursu
759 451 847 485 aorzu

180 518 1218 527 ——————————————-—--——-·—Q—
1225 510 1322 524 -l

287 642 433 730 Regibus
456 665 476 706 a
499 644 635 728 magnis,
658 653 832 708 tenuerunt
855 643 1005 729 proxima
1026 642 1142 729 primis

286 749 521 833 Sauromatum,
545 748 637 813 sedes
661 772 726 835 qua
748 759 897 835 ostroque
920 770 1064 834 auroque
1087 757 1253 835 teguntur.

285 856 428 920 Tantum
450 877 661 941 gemmarum,
685 856 810 941 argenti
834 855 982 943 fulvique
1004 854 1129 919 metalli

252 1041 253 1045 Ἰ
285 961 359 1026 Illic
383 984 514 1027 cernere
536 971 613 1046 erat,
638 972 795 1048 quantum
818 963 846 1025 si
869 972 976 1026 cetera
999 983 1164 1047 nusquam

246 1118 253 1133 .
285 1067 376 1133 Gaza
399 1069 481 1133 foret
504 1069 616 1154 spatiis
640 1077 672 1132 et
694 1090 770 1154 opes
794 1067 990 1133 claudantur
1012 1069 1047 1133 in
1070 1067 1148 1154 illis,

288 1174 509 1261 Quaecunque
532 1197 673 1238 oceanus
697 1174 793 1238 tellus
816 1185 848 1238 et
870 1174 962 1239 dives
985 1186 1111 1261 opacat.

288 1281 384 1346 Unde
408 1280 502 1345 iubar
524 1292 651 1345 tantum
676 1304 809 1367 superas
832 1282 972 1368 erumpit
995 1283 1029 1345 in
1054 1304 1153 1346 auras

287 1389 395 1474 Atque
419 1410 492 1452 aras
515 1387 606 1473 largo
629 1387 693 1452 late
718 1387 887 1474 splendore
911 1389 1050 1453 nitentes

287 1494 442 1582 Complet,
467 1505 502 1558 ut
525 1494 678 1559 adversos
703 1495 750 1559 sol
773 1496 903 1559 iusserit
926 1496 973 1559 ire
996 1494 1132 1582 iugales,

246 1652 253 1665 .
284 1601 529 1687 Indignansquo
553 1624 610 1665 suo
634 1613 784 1666 sanctum
808 1603 877 1666 sine
900 1602 1033 1667 numine
1056 1600 1216 1689 templum

287 1709 461 1794 Aspexisse
484 1707 580 1793 diem,
603 1720 762 1794 quantum
786 1708 877 1772 nulla
900 1708 1044 1773 hauserit
1067 1717 1157 1773 aetas

287 1812 454 1893 Quantum
477 1825 508 1878 et
531 1816 590 1878 vix
613 1837 757 1902 unquam
781 1815 869 1879 molli
893 1816 962 1901 ipsc
985 1813 1173 1880 accenderit
1197 1812 1290 1900 Indo,

287 1919 466 2005 Ignivomis
490 1921 608 1986 cedens
632 1932 716 1986 retro
740 1920 817 1985 dat¹
841 1920 910 1985 lora
932 1921 1110 2009 quadrigis.

287 2026 434 2113 Ipseque,
458 2027 628 2092 sollemnes
652 2028 799 2114 quirem
823 2027 964 2092 faciebat
987 2028 1030 2093 ad
1052 2050 1127 2093 aras

246 2185 253 2198 .
284 2134 450 2217 Divinam,
474 2135 675 2221 supplexque
698 2136 804 2199 Deum
831 2134 970 2200 ducebat
994 2135 1035 2199 ab
1059 2136 1156 2200 astris

286 2239 400 2305 Fatale
423 2242 457 2304 in
480 2240 644 2326 Crustum,
667 2241 796 2328 praesul
820 2240 1016 2306 Gamratous
1038 2264 1105 2326 ora,

285 2346 368 2412 (lum
393 2348 516 2412 circum
540 2347 581 2411 ad
605 2348 760 2434 populum
784 2350 868 2413 sacri
892 2348 933 2413 de
957 2370 1044 2413 more
1068 2347 1194 2415 ferebat

285 2455 362 2518 Aris
386 2476 528 2538 aversus,
552 2477 754 2540 gemmarum
777 2455 902 2519 lumina
924 2465 956 2519 et
980 2456 1051 2519 auri

286 2560 384 2624 Haud
408 2562 543 2646 patiens,
566 2561 677 2625 oculos
699 2584 783 2650 gpmo
806 2564 996 2648 compressit
1018 2563 1053 2626 in
1075 2563 1156 2649 ipso.

371 2668 513 2754 Tempus
537 2667 628 2731 adest
651 2669 752 2733 sacris
776 2692 909 2755 sponsos
934 2670 1133 2756 coniungere
1158 2668 1275 2735 vinclis

286 2773 438 2859 Coniugii
461 2784 491 2838 ot
515 2775 612 2839 finem
636 2774 800 2860 regalibus
824 2775 944 2840 addere
967 2775 1080 2841 taedis.

287 2879 427 2945 Excelso
451 2882 560 2967 sponsi
584 2881 786 2945 descendunt
809 2904 886 2947 ecce
908 2882 1041 2967 theatro,

286 2986 500 3074 Sacratasque
521 2998 635 3074 petunt
658 3010 740 3072 aras,
765 2989 820 3053 ubi
843 2989 982 3074 praesul,
1005 2989 1047 3053 ad
1070 2989 1160 3076 ipsos

286 3093 479 3179 Conversus,
502 3106 672 3181 postquam
696 3096 864 3160 amborum
888 3119 971 3183 quae
995 3106 1084 3162 certa
1106 3097 1269 3184 voluntas,

245 3250 252 3264 .
284 3199 348 3265 Orc
371 3223 489 3287 rogans
512 3201 641 3289 placido
664 3201 788 3286 didicit,
811 3213 894 3268 teres
918 3204 1031 3268 inserit
1054 3226 1172 3269 aurum

285 3307 466 3372 Amborum
490 3308 611 3392 laevae,
635 3332 804 3395 supremae
826 3309 959 3374 vincula
982 3309 1107 3396 taedae,

288 3415 553 3500 ,Aeternisquo“,
576 3417 689 3501 inquit,
715 3417 863 3500 ,iunctos
886 3440 944 3480 vos
968 3416 1085 3483 discite
1107 3418 1238 3504 vinclis,

284 3523 435 3586 Aeternis
459 3523 583 3585 Divum
607 3522 733 3606 vinclis,
757 3546 840 3608 quac
863 3523 954 3586 nulla
977 3533 1082 3610 potest
1104 3525 1156 3588 vis

286 3627 425 3712 Solvere,
450 3650 514 3692 non
538 3629 599 3714 ipsi
623 3629 826 3715 abrumpant,
850 3652 929 3714 gens
953 3630 994 3694 ab
1018 3631 1096 3695 Iove
1120 3652 1258 3717 summo,

244 3785 251 3798 .
284 3734 464 3800 Caelicolae
488 3745 668 3799 extremum
692 3736 885 3819 antediem,
909 3738 965 3822 qui
988 3737 1128 3801 carceris
1151 3736 1252 3803 huius

286 3842 421 3928 Ereptos
445 3842 586 3906 tenebris
611 3842 814 3907 stellantibus
837 3845 956 3908 inseret
981 3844 1076 3908 oris“.

285 3948 376 4012 Haeo
400 3960 569 4034 postquam
581 3954 601 4033 ²,
624 3960 773 4035 repetunt
796 3951 969 4035 flagrantes
994 3949 1093 4015 corda
1115 3950 1291 4036 theatrum,

285 4053 401 4139 Corda,
424 4078 518 4119 saera
541 4079 624 4141 quae
648 4058 804 4142 corripuit
827 4057 899 4120 face
923 4057 1055 4143 spiritus
1077 4054 1184 4122 almus

284 4160 442 4246 Perpetuo
465 4172 497 4226 et
520 4185 631 4227 secum
655 4164 748 4226 iussit
770 4174 942 4228 tencantur
965 4185 1082 4227 amoro.

284 4407 294 4435 ¹
314 4410 358 4460 sie
376 4426 434 4474 ma,
454 4427 507 4460 non
528 4410 615 4472 „det“.

284 4494 294 4524 ²
313 4500 362 4550 us.
384 4503 504 4565 „postq3⁴⁴
526 4499 583 4553 scil.
604 4500 695 4563 ,dicta
714 4503 801 4550 sunt“.
