3016 5310
165 687 186 729 ὁ.

573 469 782 504 emtmsrlcuox.
1184 459 1248 522 177

217 664 418 731 Sarmaticus
441 674 607 748 terrorque
631 663 740 747 hostis,
755 665 856 750 -qui
880 664 957 729 hinc
974 666 1132 751 plurimus
1156 679 1255 754 atque

1073 773 1162 857 [hino

216 878 275 941 Est
299 877 433 960 circum,
457 888 667 962 metuensque
693 899 815 959 senem,
838 901 898 941 sua
922 880 1065 944 continet
1087 903 1186 963 arma,
1209 920 1254 928 —-

216 984 345 1048 Primus
368 983 437 1065 erit,
461 1005 557 1068 quem
580 1005 656 1045 mox
680 983 914 1070 septem-plaga
937 995 1003 1048 tota
1026 987 1139 1050 trionis

216 1091 322 1154 Prona
346 1112 492 1174 sequens
517 1090 610 1152 latio
633 1090 782 1175 antiquos
807 1091 964 1154 instauret.
986 1090 1131 1157 honores.

218 1196 282 1261 Hic
303 1217 407 1281 nuper
430 1217 499 1259 sese
524 1197 666 1259 numeris
690 1195 828 1260 adversa
853 1208 1042 1283 sequentum

178 1354 184 1365 .
217 1303 422 1388 Asscriptum
446 1300 584 1365 indoluit
607 1313 760 1388 tantaque
784 1303 964 1368 infrenduit
987 1306 1045 1389 ira,

217 1408 346 1473 Ablatis
369 1419 491 1495 quanm
515 1408 631 1472 cat-ulis
654 1408 849 1473 lactentibus
874 1433 949 1474 ursa

218 1516 293 1581 Sive
316 1515 429 1580 leaena
453 1538 566 1578 nemus
592 1515 694 1579 fertur
719 1516 859 1580 violenta
883 1540 939 1603 per
963 1517 1073 1601 altum‚

215 1623 359 1686 Pastoris
383 1623 410 1684 si
433 1643 498 1707 qua
521 1633 685 1707 apparent,
709 1624 846 1708 vestigia
871 1647 1013 1708 servans,

216 1730 282 1808 Qui
307 1728 419 1793 dulces
444 1729 549 1814 rapuit
574 1729 658 1792 fetus
682 1739 713 1793 ct
736 1731 872 1815 pignora
896 1752 980 1815 cara,

163 1857 185 1903 ’.
220 1836 284 1900 Ore
308 1836 392 1899 truci
415 1857 510 1921 quem
535 1834 689 1899 dilaceret
713 1836 780 1900 lero
804 1846 835 1900 et
858 1841 1007 1902 exsecet¹
1033 1840 1143 1924 ungui.

217 1943 270 2009 Sic
294 1965 411 2007 nomen
436 1942 620 2028 finitamque
645 1966 737 2006 suam
760 1943 925 2008 tradueier
947 1944 1041 2008 heros

215 2050 398 2114 Tarnovius
423 2050 531 2113 fremit
555 2060 585 2113 et
609 2050 665 2113 rix
690 2073 724 2114 se
747 2073 811 2113 non
836 2050 981 2115 vindicat
1005 2054 1134 2116 arrrris'2.

305 2156 500 2243 Exemplum
525 2156 659 2220 illustris
683 2158 897 2243 pietatemque
922 2157 1033 2222 inclita
1057 2159 1163 2244 proles

216 2263 409 2329 Sectatura³
431 2264 540 2349 patris,
564 2265 682 2328 teneris
707 2273 742 2327 ut
765 2265 872 2328 iunior
896 2265 989 2328 annis

174 2418 180 2432 .
215 2369 422 2434 Tarnovius⁴
445 2369 548 2453 docet,
572 2381 708 2434 aetatem
733 2394 767 2435 sc
790 2380 919 2456 pectore
943 2394 1040 2457 supra

214 2476 375 2541 Attollens
398 2487 472 2561 toto,
496 2479 581 2562 rogis
605 2477 733 2563 qualern
757 2476 831 2541 aula
855 2478 1020 2556 Quiritum

214 2583 339 2647 Eduxit
362 2585 446 2669 patri
470 2595 500 2648 et
524 2586 656 2671 patriae7
680 2608 743 2648 non
768 2585 899 2649 turbida
924 2608 1030 2649 rerum

212 2690 377 2776 Dogmata
401 2712 566 2754 sacrarum
590 2691 819 2756 malesuadam
843 2692 943 2756 rerba
968 2702 1122 2756 secutum.

303 2795 507 2883 Illustrisque
534 2798 714 2861 Stanislaus
737 2799 939 2862 Tancinius⁵
963 2798 1056 2882 adsit,

163 2924 180 2966 ¹.
214 2902 362 2968 Deliciae
384 2903 518 2967 humani
542 2907 679 2989 generis,
704 2905 801 2970 decor
824 2905 928 2968 omnis
952 2927 1113 2990 amorque,

212 3010 286 3090 Quo
309 3033 373 3075 non
396 3013 576 3075 sarmaticis
600 3014 773 3098 quicquam
797 3022 845 3076 est
869 3013 1038 3097 augustius
1062 3012 1136 3075 oris.

215 3117 277 3182 Hic
300 3119 385 3204 patri
409 3118 533 3203 similia,
557 3120 705 3204 quamvis
729 3120 852 3182 maiora
876 3128 1014 3202 secutus,

212 3222 370 3308 Gracche‚
393 3235 448 3288 tuo
472 3227 505 3289 in
531 3225 618 3308 solio,
642 3249 706 3289 non
730 3225 958 3309 dissimulator,
982 3235 1130 3310 apertum

212 3330 288 3395 Fert
311 3341 425 3417 pectus
449 3332 556 3417 prisca
579 3332 709 3418 plenum
734 3333 860 3418 pietate.
885 3331 950 3398 Sed
973 3331 1060 3395 idem

170 3488 176 3500 .
213 3436 351 3522 Exosus‚
374 3461 454 3524 quos
478 3461 542 3502 non
566 3438 647 3503 bene
671 3439 849 3528 Thybridis
873 3438 975 3502 abluit
999 3438 1096 3521 undu,

211 3544 317 3608 hlores
341 3566 379 3608 ac
404 3545 538 3631 dignam
561 3547 672 3631 poenis
696 3557 726 3609 et
750 3568 880 3610 carcerc
905 3546 1023 3609 vitam:

211 3650 327 3716 Cetera
350 3650 525 3736 Romanus,
550 3652 625 3716 fidei
648 3652 836 3716 observator
860 3653 976 3715 aritae

213 3811 220 3839 ¹
240 3813 374 3862 Fortasse:
397 3815 531 3871 „enccct“.

210 3898 316 3951 'Cant
336 3916 411 3948 ureae
436 3901 539 3950 dissert.
566 3922 589 3964 q.
617 3903 633 3950 i.
661 3904 806 3966 rroyzyusz.
831 3920 874 3968 pg.
903 3899 1032 3952 ruo=60.
1073 3902 1197 3949 Ceterum
1214 3902 1246 3950 R.

163 3989 234 4039 icere
254 3989 304 4038 hoe
324 3989 381 4038 loeo
400 3990 506 4038 ridetur
525 3995 554 4038 A.
576 3991 685 4041 'l'ricesii
707 3992 833 4041 carminis
853 4009 876 4041 a.
897 3990 963 4042 1556
982 3989 1162 4055 ltcgiorrrontii
1181 3989 1248 4038 editi

165 4077 198 4129 17
218 4094 276 4142 sqq.
296 4080 382 4142 lt'enf.
410 4080 453 4128 lis.
482 4079 634 4142 urrkowski,
663 4081 753 4143 Duioje
783 4081 951 4144 relorrnueyi,
979 4081 1001 4130 Ι.
1030 4077 1147 4128 Kralrdw
1170 4076 1245 4140 1883,

164 4166 216 4218 691
237 4168 296 4233 sq.).

209 4257 219 4286 ³
239 4257 296 4306 scil.
319 4258 401 4317 „ow¹

208 4345 219 4373 ⁴
239 4346 352 4397 loannes
369 4345 584 4412 christophorus,
605 4348 768 4400 castellanus
783 4351 953 4414 voiuicensis,
967 4347 1019 4398 obi.
1034 4362 1057 4395 a.
1083 4344 1156 4396 1567.
1175 4345 1249 4394 Edu·

163 4444 215 4486 rtnr
234 4434 308 4486 circa
327 4452 349 4485 a.
372 4433 441 4485 lora
461 4436 487 4484 in
509 4437 571 4486 aula
591 4438 752 4486 Ferdiuundi
774 4441 794 4489 I.
816 4448 872 4489 tum
891 4437 993 4487 romani
1012 4435 1091 4499 regis.

208 4522 407 4576 tenerrimus
427 4525 613 4591 leopolitanus,
634 4527 769 4592 palatinus
787 4528 976 4588 cracoviensis,
996 4525 1048 4576 obi.
1069 4539 1092 4575 a.
1117 4520 1192 4574 1563.

206 4618 319 4659 t'armtun.
338 4620 363 4659 Τ.
378 4621 394 4659 1.
1107 4610 1140 4661 l2
