3016 5310
651 448 729 482 renni
749 447 838 483 ΙΟΥΖΙῙ

731 848 774 916 12.

641 1046 857 1106 CARMEN

491 1166 794 1231 gadalophaei
824 1167 1004 1231 poetac¹

261 1271 293 1323 de
312 1272 433 1337 prussica
452 1272 569 1338 quinque
588 1272 748 1338 optimatum
767 1272 902 1338 legatione
919 1272 1088 1325 Varschovia
1107 1273 1250 1324 missorum

548 1361 633 1426 deque
652 1361 810 1411 dentiscano
831 1361 955 1412 tumultu.

684 1575 816 1626 Accessit:

286 1663 401 1724 Querela
425 1663 545 1714 manium
569 1664 692 1715 undecim
718 1681 751 1714 ex
773 1663 855 1714 maris
874 1663 1028 1715 dentiscani
1050 1664 1217 1729 custodibus,

334 1753 422 1816 capite
441 1752 630 1817 periniurium
650 1753 827 1819 agedunensi
844 1753 1005 1819 magistratu
1022 1753 1169 1819 plexorum,

180 1840 214 1889 ad
233 1841 431 1905 sigismundum
444 1843 595 1908 Augustum
612 1843 739 1893 Polonise
752 1858 850 1909 regem,
864 1842 1013 1907 principem
1025 1842 1156 1907 optimum
1168 1843 1319 1894 maximum

474 1931 574 1980 Eodem
592 1931 776 1996 gadelophuoo
795 1939 875 1996 poeta
894 1938 1002 1981 auctore
1011 1931 1028 1980 ¹.

739 2138 763 2172 8,.

287 2246 438 2312 Carmine
461 2269 519 2311 rex
542 2246 634 2331 lecto,
658 2246 744 2333 quod
768 2257 858 2312 vates
882 2247 1011 2334 scripsit
1033 2246 1150 2312 Iberus

340 2353 391 2417 De
415 2352 625 2418 dantiecunse
649 2354 784 2418 crimine
807 2353 971 2441 perfidiae,

286 2459 331 2523 Ut
354 2459 464 2524 laudet
488 2482 628 2544 cannen⁷
651 2461 714 2524 nisi
739 2460 870 2526 damnet
894 2462 1017 2526 crimen
1041 2471 1072 2526 et
1095 2461 1182 2526 ultor

340 2566 502 2651 Vindicet,
526 2577 573 2631 est
597 2568 702 2631 omnis
725 2568 836 2631 irritus
858 2568 920 2633 iste
942 2567 1044 2633 labor.

227 2696 253 2736 e.
284 2673 422 2738 Carmen
447 2674 487 2739 ab
512 2696 630 2739 occasu
655 2674 697 2738 ad
721 2684 843 2762 septem
868 2675 957 2740 dedit
979 2674 1034 2740 ille
1057 2675 1188 2761 triones,

339 2781 401 2846 Oui
424 2780 664 2868 gudulophaeus
688 2781 808 2868 proluit
832 2804 888 2846 ora
911 2781 1007 2847 latex.

734 3012 760 3061 b.

612 3151 748 3207 Libellus
768 3152 884 3208 lectori.

737 3295 763 3358 Ι.

285 3416 375 3496 Quos
398 3428 480 3505 peto,
494 3459 537 3466 —
560 3441 601 3484 ne
624 3420 696 3506 quis
720 3442 772 3483 me
794 3421 829 3483 in
852 3419 951 3484 rubro
974 3420 1108 3485 miretur
1131 3421 1263 3508 amictu,
1277 3457 1315 3467 -

338 3525 558 3591 Persolvenda
582 3527 661 3590 viris
685 3549 788 3613 poena
812 3549 926 3591 cruore
949 3528 1048 3593 venit.

288 3707 294 3736 ¹
316 3707 377 3756 Scil.
397 3707 500 3772 Royzii,
525 3714 618 3771 utpote
637 3707 671 3757 ad
690 3706 875 3771 Gsdalophum
898 3706 1083 3773 (Gusdalopo),
1104 3705 1256 3771 Hispaniae
1275 3707 1319 3756 flu·

180 3795 262 3857 vium,
281 3796 346 3846 nati.

288 3880 358 3931 'En
376 3890 452 3933 msto.
473 3899 544 3935 corn.
566 3881 707 3936 162-170
725 3906 749 3927 =
768 3900 818 3934 oss.
839 3881 955 3947 29-49,
980 3882 1133 3948 praemissis
1161 3889 1253 3934 tamen
1277 3883 1321 3945 eis,

179 3987 249 4036 quae
268 3972 394 4036 leguntur
419 3973 446 4022 in
472 3989 544 4023 corn.
566 3972 708 4025 163-165
725 3997 749 4015 =
768 3989 818 4022 oss.
838 3971 953 4024 31-33.
980 3973 1033 4023 Hic
1052 3971 1150 4037 duplex
1169 3972 1265 4023 titulus
1284 3973 1321 4022 in·

178 4061 294 4124 scriptus
313 4068 372 4111 erat
389 4061 490 4124 libello,
515 4062 561 4127 qui
580 4063 702 4112 carmine
719 4068 780 4127 post
798 4062 913 4125 priorem
935 4060 1097 4127 legationem
1122 4075 1146 4110 a
1167 4059 1239 4114 1568
1261 4067 1321 4111 unte

178 4149 288 4198 comitia
306 4149 469 4200 lublinensiu
487 4166 511 4200 a.
532 4150 602 4203 1569
621 4151 774 4215 conscripta
792 4150 950 4201 continebat
968 4149 1167 4214 separatimque
1186 4150 1216 4199 in
1235 4149 1321 4215 publi·

178 4253 240 4287 curn
260 4238 346 4286 editus
365 4245 413 4288 est.
433 4241 474 4290 De
488 4239 539 4290 hac
558 4240 692 4306 legatione
706 4240 775 4289 coni.
790 4239 925 4290 dissertat.
945 4254 1020 4290 mese
1032 4238 1145 4302 polonac
1164 4238 1206 4288 De
1230 4237 1321 4302 Roysii

178 4327 236 4376 vitu
255 4333 282 4376 et
301 4327 407 4392 scriptis
427 4329 510 4392 partis
530 4329 632 4393 primae
651 4344 710 4393 cap.
730 4327 754 4379 3.
775 4330 850 4390 Quae
863 4328 992 4390 carmine,
1012 4333 1103 4391 utpote
1116 4325 1185 4375 falso
1206 4326 1235 4376 in
1254 4326 1323 4377 hunc

179 4416 300 4466 libellum
320 4417 405 4482 illata,
425 4434 531 4482 qunque
550 4418 654 4468 ratione
674 4418 769 4468 ductus
789 4417 957 4481 excluserim,
984 4432 1016 4466 ex
1038 4415 1258 4466 adnotationibus
1277 4431 1324 4479 ap·

180 4515 256 4571 paret
275 4506 356 4574 (coni.
375 4524 418 4573 pg.
438 4505 599 4573 272-274).
