3016 5310
546 482 703 517 ΡΙΙΛΠΔΊΊΟ.

816 568 819 571 .
828 564 937 572 -ι--..

48 678 210 764 missoque
234 676 389 766 Royaius,
421 698 496 741 cum
520 675 644 740 frustm
667 698 786 763 equum
808 677 1004 764 promissum
1027 691 1197 766 exspecta-

49 795 102 863 ret,
126 806 264 849 carmen
289 784 429 871 scripsit,
452 784 487 847 in
510 806 575 870 quo
599 784 733 869 iocatur,
756 805 875 871 equum
899 793 954 848 aut
970 784 1108 872 pedibus
1124 808 1195 851 esse

46 903 178 978 captum
203 901 262 955 aut
292 890 471 957 estabulis
495 890 688 978 profugisse,
721 912 796 956 cum
826 902 893 956 tam
923 891 1021 977 longo
1050 902 1195 980 tempore

48 1020 107 1063 non
131 999 264 1063 veniret
286 997 329 1062 ad
353 1021 438 1082 eum,
461 997 515 1064 cui
538 1008 622 1061 esset
642 997 823 1062 destinatus
847 999 902 1084 (II,
923 1000 986 1064 201
1005 1001 1072 1088 sq).
1094 1001 1196 1064 Prae·

49 1116 93 1170 ter
123 1104 293 1192 epitaphia
322 1104 594 1192 epithalamiaque
625 1104 728 1169 multa
759 1106 886 1169 minora
916 1108 1062 1172 carmina
1093 1108 1194 1171 variis

52 1211 155 1296 rebus,
179 1222 217 1278 ut
240 1212 476 1296 stemmatibus,
491 1210 593 1296 libris,
610 1212 817 1298 imaginibus,
831 1213 1009 1297 tormentis,
1026 1213 1194 1300 aedificiis,

49 1317 235 1405 horologiis,
258 1317 462 1383 illustrandis
486 1329 543 1382 aut
565 1317 771 1383 celebrandis
793 1318 1003 1386 inscribenda
1027 1341 1045 1382 a
1067 1320 1193 1409 Royzio

52 1425 325 1512 componebantur
356 1427 412 1509 (II,
442 1427 492 1509 16,
520 1425 636 1506 XV113
669 1426 858 1507 aso-‘2853
892 1427 1081 1508 134-1373
1115 1429 1191 1511 1113

57 1532 112 1596 168
136 1553 197 1619 sq.;
224 1533 301 1613 1703
325 1533 404 1614 3373
427 1532 628 1614 486-481),

152 1640 328 1704 Praeterea
350 1640 439 1704 misit
463 1661 559 1725 saepe
582 1638 726 1728 Royaius
750 1638 931 1703 fautoribus
959 1641 1073 1704 amicis
1098 1640 1194 1704 sami-

57 1742 249 1832 liaribusque
272 1767 337 1809 non
361 1744 482 1830 solum,
513 1768 593 1832 quos
625 1747 694 1832 ipse
716 1758 956 1832 composuerat,
987 1745 1104 1830 libros,
1136 1746 1193 1811 sed

59 1853 145 1915 etiam
168 1875 245 1917 rara
275 1865 414 1939 aptaque
437 1852 575 1918 aliorum
606 1864 776 1917 auctorum
806 1876 904 1940 opera
934 1855 1045 1939 eisque
1076 1852 1193 1917 adiun-

61 1958 145 2042 gebat
167 1982 227 2023 sua
250 1961 397 2025 carmina
419 1959 690 2024 commendaticia
721 1961 792 2025 sive
822 1962 1052 2047 propemptica.
1092 1960 1192 2025 Haud

63 2085 124 2129 raro
145 2067 243 2130 etiam
267 2067 447 2130 amicorum
472 2089 605 2130 suorum
628 2089 726 2152 opera
748 2068 783 2130 in
807 2066 975 2153 publicum
998 2066 1125 2133 edenda
1149 2069 1193 2130 si-

62 2169 180 2236 nilibus
203 2173 414 2256 carminibus,
442 2195 526 2259 quae
549 2171 678 2237 illorum
702 2184 882 2260 temporum
906 2196 996 2239 more
1019 2184 1076 2238 aut
1098 2196 1193 2260 prae·

64 2279 260 2344 mittebantur
293 2290 385 2344 textu
421 2291 477 2344 aut
512 2280 802 2366 postponebantur,
842 2282 1057 2345 comitabatur
1095 2290 1191 2367 atque

63 2385 304 2452 commendabat.
329 2387 436 2473 Atque
452 2409 545 2450 musa
562 2386 619 2450 illa
635 2387 802 2453 subsiciva
818 2387 1055 2474 sollemnisque,
1079 2410 1194 2474 quam-

63 2511 145 2574 quam
170 2493 278 2557 minus
300 2493 488 2578 honorifica,
513 2494 656 2558 sterilem
680 2517 714 2559 se
734 2518 799 2558 non
815 2496 975 2584 praestitit
991 2504 1112 2581 poetae,
1136 2495 1192 2580 qui

63 2617 124 2660 cum
146 2621 180 2664 se
203 2601 293 2666 circa
316 2622 345 2664 a.
370 2602 453 2666 1550
469 2611 572 2665 toturn
589 2601 657 2666 fere
673 2602 715 2666 ad
732 2600 850 2665 iudicis
867 2602 976 2667 officia
993 2601 1191 2684 contulisset,

63 2725 148 2770 senex
170 2717 342 2794 expertum
366 2731 400 2773 se
423 2729 494 2772 esse
517 2709 664 2793 iniquam
688 2709 793 2774 Dioeu
817 2709 913 2773 ‹leam
929 2718 1124 2793 conquestus
1142 2707 1192 2791 sit,

10 2810 12 2855 ἶ
61 2812 134 2896 qnod
156 2816 315 2900 pecuniae
340 2816 540 2880 carminibus
564 2827 675 2901 partae
692 2825 858 2901 expertem
875 2839 909 2880 se
925 2814 1120 2880 reddidisset
1136 2814 1193 2899 (ΙΙ,

61 2918 123 3005 121,
146 2921 199 3001 V).

152 3026 306 3114 Royaius,
329 3049 525 3114 quamquam
549 3027 688 3092 Polonos
712 3029 899 3092 summatim
922 3028 1035 3092 laudat
1058 3029 1194 3093 vicinis-

57 3155 110 3219 que
131 3133 286 3220 gentibus
308 3133 511 3199 humanitate
533 3147 699 3221 praestare
723 3134 843 3200 fatetur
866 3136 927 3218 (II,
950 3137 1025 3219 267,
1049 3138 1113 3219 26),
1145 3148 1194 3199 ta-

56 3261 121 3305 men
147 3242 228 3305 vitia
252 3263 363 3306 eorum
387 3264 448 3307 nec
472 3241 555 3308 celat
579 3264 639 3306 nec
664 3241 858 3306 dissimulat.
892 3242 967 3329 Ipse
990 3244 1058 3307 vini
1089 3242 1195 3306 lauta-

55 3367 185 3434 rumque
208 3370 364 3413 cenarum
387 3358 521 3433 amator,
545 3348 683 3413 Polonos
706 3359 815 3414 tamen
838 3351 872 3413 in
889 3349 1003 3414 eadem
1020 3372 1055 3413 re
1070 3351 1193 3414 iustum

53 3453 179 3519 modum
204 3455 363 3521 excedere
386 3478 540 3543 persaepe
563 3458 718 3543 queritur,
750 3458 875 3520 animos
907 3479 1019 3521 eorum
1050 3456 1092 3520 ad
1120 3458 1194 3520 imi·

54 3561 163 3626 tandos
187 3571 374 3627 exterorum
399 3584 504 3628 mores
527 3562 729 3649 habitusque,
760 3563 802 3627 ad
826 3563 993 3650 profusam
1017 3562 1193 3649 luxuriam,

54 3664 215 3733 licentiam
227 3668 489 3756 discordiamque
502 3692 629 3755 pronos,
645 3679 744 3753 notat,
760 3670 925 3734 interdum
938 3672 1034 3734 etiam
1048 3670 1193 3734 firmiora

55 3775 176 3858 pietatis
202 3776 387 3863 amorisque
410 3775 545 3841 vincula
568 3778 654 3841 inter
676 3777 826 3863 proxima
849 3778 1042 3862 cognatione
1064 3777 1193 3841 iunctos

10 3914 12 3925 =
54 3879 214 3947 desiderat
237 3882 293 3968 (II,
317 3884 383 3949 265
407 3889 474 3970 sq).
513 3884 574 3949 Est
597 3895 706 3949 tamen
730 3884 907 3970 interdum,
938 3884 993 3948 ubi
1025 3883 1195 3969 indulgeat

56 3989 105 4054 vix
126 3988 363 4055 tolerabilibus.
386 3991 471 4055 Nam
495 3990 593 4078 plecti
618 3992 723 4077 capite
747 3990 835 4055 furta
858 3991 1057 4078 plebeiorum
1081 4014 1123 4056 ex
1138 4016 1196 4078 po-

56 4092 141 4162 lonae
163 4096 248 4183 legis
271 4099 479 4184 praescripto,
503 4098 538 4161 id
558 4097 645 4184 quod
661 4107 758 4162 antea
773 4099 883 4162 Fricio
899 4098 1067 4162 Modrcvio
1084 4121 1195 4162 assen-

56 4202 129 4268 tiens
161 4203 396 4290 indignabatur
427 4206 486 4290 (II,
515 4206 578 4270 207
605 4209 672 4291 sq),
703 4206 737 4268 in
767 4205 1000 4270 Decisionibus
1030 4204 1195 4270 lituanicis

57 4308 121 4395 (Ill,
143 4312 344 4394 393-395)-
365 4333 403 4376 eo
433 4314 585 4377 excusari
609 4335 702 4399 posse
726 4311 855 4397 scribit,
886 4311 971 4399 quod
999 4314 1033 4376 in
1056 4311 1192 4376 Polouia

10 4416 12 4449 ²
58 4419 161 4484 rustici
184 4418 291 4506 plebei
316 4417 357 4483 ad
382 4419 471 4483 furta
494 4421 591 4483 nimis
615 4421 680 4483 sint
704 4420 804 4505 proni.
840 4421 1054 4483 Lituanorum
1079 4419 1194 4484 Samo·

52 4525 252 4612 gitarumque
275 4526 408 4611 ingenia
431 4540 528 4613 atque
560 4549 665 4590 mores
690 4529 797 4590 minus
820 4549 918 4613 quam
942 4527 1138 4591 Polonorum
1162 4529 1192 4592 ei
