3016 5310
200 451 268 516 204
671 470 749 504 assur
767 470 856 505 sorau

301 663 416 729 Omnis
439 675 470 728 et
494 663 536 727 ad
559 663 702 749 gelidam
724 663 870 749 quisquis
894 674 993 750 caput
1016 665 1139 729 exserit
1162 674 1277 730 arcton.

302 770 394 836 Haec
417 771 510 857 stirpi
534 769 693 835 debentur
715 781 747 834 et
770 770 858 834 omni
881 792 922 834 ex
946 769 1060 834 ordine
1081 772 1181 855 genti,

301 877 395 941 Natis
418 887 568 941 natorum
592 877 736 962 serisque
759 875 931 963 nepotibus
954 875 1040 941 olim.

392 984 484 1048 Haec
507 994 665 1069 quantum
689 983 787 1046 stabit
810 994 919 1048 vestro
945 982 1061 1047 domus
1085 982 1200 1048 inclita
1222 1004 1315 1069 regno:

195 1110 267 1154 arc.
302 1089 430 1177 Religio
452 1089 503 1154 his
527 1101 653 1154 tantum
678 1091 844 1176 pictasque
867 1088 991 1176 vigebit
1014 1090 1049 1154 in
1072 1091 1148 1155 oris.

299 1197 369 1262 Nec
392 1196 521 1263 Christo
544 1197 666 1260 invisos
690 1195 828 1261 fundent
853 1195 969 1260 altaria
991 1197 1081 1260 ritus.

300 1304 415 1390 Tuque
438 1315 519 1388 tuos,
543 1326 675 1368 romane
698 1314 798 1390 pater,
822 1302 958 1368 iactabis
981 1301 1132 1368 honores:

300 1411 526 1496 Nequicquam
549 1409 690 1475 crudehs
713 1432 790 1496 opes
813 1408 987 1475 laetabitur
1009 1408 1110 1474 hostis

300 1517 525 1604 Depopulasse
548 1528 620 1581 tuas
644 1517 859 1602 meritumque
882 1515 1029 1582 hausisse
1053 1537 1215 1597 cruorem3

196 1645 268 1688 sao.
302 1622 471 1710 Caecaque
495 1624 607 1688 vesani
631 1622 786 1689 concedet
810 1624 918 1710 opinio
941 1622 1042 1708 vulgi,

302 1730 344 1794 Et
367 1731 481 1795 melior
504 1732 631 1795 cunctis
654 1753 746 1795 mens
769 1741 801 1795 et
824 1753 883 1817 par
907 1752 986 1794 cura
1010 1728 1144 1794 sedebit.

391 1838 479 1924 Ergo
502 1838 580 1925 quid
603 1840 790 1924 Augustum
813 1837 977 1902 exhortari
1000 1836 1138 1902 vocibus
1161 1837 1267 1924 aequis

300 1945 474 2010 Pontifices
498 1946 656 2010 cessatis?
680 1968 778 2030 opum
801 1967 881 2031 quos
904 1966 983 2008 cura
1006 1966 1174 2010 sacrarum

301 2051 377 2115 Una
401 2053 518 2138 premit
540 2051 716 2138 templique
739 2051 849 2116 decus.
879 2052 998 2116 Laetos
1021 2049 1220 2139 hymenaeos

195 2179 268 2223 aas.
302 2158 524 2243 concelebret,
547 2158 728 2245 fundatque
751 2182 810 2222 suo
833 2158 874 2223 de
898 2158 1058 2243 sanguine
1080 2168 1219 2243 gentem,

301 2266 438 2331 Prenset
462 2288 544 2352 quae
567 2265 648 2331 haec
671 2265 785 2330 eadem
809 2275 936 2351 sceptra
966 2275 998 2329 et
1026 2264 1079 2328 det
1103 2264 1177 2329 iura
1198 2259 1318 2329 Polonis.

391 2373 525 2437 Viveret
547 2397 566 2436 o
590 2374 723 2456 utinam,
747 2383 778 2436 at
800 2371 916 2437 vitales
940 2382 1087 2458 carperet
1110 2393 1207 2435 auras

301 2481 448 2546 Antiates
473 2479 612 2564 Samuel,
635 2490 744 2544 nostro
767 2480 971 2543 Macioviusl
994 2501 1075 2543 aevo
1242 2464 1244 2470 ¹

302 2587 440 2652 Inclitus
464 2597 560 2674 atque
583 2586 660 2650 olim
684 2586 790 2651 saeclo
814 2585 1033 2651 memorabilis
1056 2585 1158 2650 omni!

196 2714 268 2760 aco.
303 2694 372 2779 Ille,
395 2693 563 2758 hominum
587 2704 726 2759 tractare
749 2695 873 2758 animos
897 2704 928 2758 et
951 2693 1080 2758 flectere
1103 2691 1202 2757 corda

303 2801 440 2888 Eloquio
463 2801 567 2866 bonus
591 2813 622 2866 et
645 2801 742 2866 dictis
766 2800 944 2867 accendere
967 2810 1100 2884 mentes,

302 2908 465 2992 Vestrum,
488 2908 666 2994 pontifices,
690 2930 894 2973 communem
918 2907 1006 2972 hunc
1030 2906 1116 2971 ferre
1138 2905 1274 2970 laborem

302 3015 396 3079 Unus
420 3026 488 3078 erat
512 3025 570 3099 sat,
594 3015 690 3079 docta
713 3015 825 3080 volens
849 3014 944 3079 modo
968 3013 1106 3079 solveret
1129 3035 1194 3077 ora.

392 3122 434 3185 Et
458 3145 524 3206 vos,
549 3123 741 3187 sarmaticae
764 3121 944 3187 clarissima
967 3120 1092 3184 lumina
1114 3119 1229 3205 gentis,

199 3248 270 3292 aas.
304 3228 445 3292 Tarnovi
469 3239 502 3293 et
524 3229 662 3313 Curital,
685 3229 806 3294 excelsi
830 3251 905 3314 pars
929 3228 1034 3315 prima
1057 3238 1199 3311 senatuS,

304 3333 353 3400 Sit
377 3335 455 3399 mihi
480 3335 530 3400 ias
553 3336 665 3401 ambos
689 3359 754 3400 uno
777 3336 975 3420 coniungere
996 3357 1103 3418 versu,

304 3441 394 3521 Quos
417 3445 542 3528 patriae
565 3444 735 3508 coniunxit
759 3465 857 3506 amor.
888 3442 956 3506 Vos
979 3440 1112 3528 publica
1135 3459 1267 3526 quorum

303 3549 456 3614 Consiliis
480 3574 530 3616 res
554 3552 633 3614 nixa
655 3552 744 3636 viget
767 3549 885 3615 decora
908 3562 939 3615 et
964 3572 1022 3613 sua
1045 3549 1153 3635 prisca

304 3657 445 3739 Obtinet,
469 3658 582 3722 insano
606 3658 765 3723 bellorum
787 3659 909 3722 intacta
933 3655 1050 3740 furore,

198 3786 269 3831 aso.
304 3767 492 3850 Augustum
514 3787 624 3850 regem
647 3764 689 3829 ad
713 3764 871 3829 thalamos
895 3773 1007 3849 urgete
1031 3759 1168 3847 iugales:

305 3874 405 3936 Laeta
429 3872 541 3936 volens
565 3882 673 3937 nectat
698 3870 838 3937 conubia
861 3870 968 3950 tertia3
993 3866 1074 3932 felix

304 3980 423 4064 Iungat
447 4002 545 4063 amor,
568 4001 627 4043 rex
652 3977 738 4042 unde
761 3977 844 4041 alius
867 3975 943 4040 dein
967 3984 1095 4060 sceptra
1117 3972 1230 4037 relicta

304 4088 424 4150 Lectus
449 4109 557 4150 amore
581 4085 663 4150 ferat
687 4084 806 4171 populi,
831 4083 1010 4168 soliumque
1034 4079 1211 4166 superbum

200 4207 269 4214 ,-

308 4256 314 4284 ¹
335 4256 408 4307 Obiit
429 4273 452 4306 u.
475 4256 551 4307 1500.

307 4345 448 4397 ²loannes
467 4346 631 4406 Tarnowski,
652 4345 815 4394 castellanus
835 4359 949 4397 cracem,
968 4358 1081 4407 magnus
1101 4341 1245 4406 imperator
1262 4343 1323 4385 exat·

196 4437 300 4488 cituum
319 4436 445 4486 Poloniae
465 4436 516 4485 obi.
537 4450 560 4483 u.
585 4433 658 4496 15613
678 4437 772 4483 Petrus
787 4433 883 4495 Cmita,
904 4432 1039 4496 palatinus
1059 4445 1165 4480 cracov.
1186 4436 1212 4479 at
1226 4429 1322 4489 magum

198 4525 397 4576 mareschalcus
416 4524 500 4590 regni,
520 4523 572 4573 obi.
593 4539 616 4572 a.
638 4521 707 4574 1553
726 4539 815 4572 manse
836 4521 987 4586 septembri.
