3016 5310
286 639 453 704 Praestitit
475 660 556 703 esse.
579 637 643 702 Tui
665 660 744 724 prae
766 637 841 702 odio
864 649 896 703 te
920 660 1062 726 praeque
1084 636 1212 725 pudore
1236 677 1279 687 -

288 745 377 826 Quid
401 745 535 811 cessas?
559 783 602 792 -
625 767 702 809 mox
725 746 759 809 in
782 754 882 810 tetras
906 767 968 831 age
991 744 1096 810 eunde
1118 744 1279 829 tenebras,

288 854 397 939 Atque
418 850 587 917 hominum
611 851 720 916 furare
743 851 856 936 oeulis,
880 874 921 917 ne
946 853 1091 917 orastina
1114 861 1228 917 oernat

185 980 253 1024 1¹10.
285 959 360 1023 Lux
383 969 415 1023 te
438 957 679 1024 absorbendum
703 960 835 1022 iamiam
858 958 985 1024 telluris
1009 957 1109 1042 hiatu,

288 1067 331 1130 Et
355 1068 470 1131 vivum
494 1067 621 1155 stygiae
644 1066 858 1151 mergendum
881 1067 916 1130 in
940 1077 1056 1152 stagna
1078 1065 1219 1153 paludis.

288 1172 413 1238 Saevus
439 1173 496 1238 ubi
518 1172 680 1238 horrendo
703 1183 735 1239 te
758 1172 920 1239 Cerberus
943 1172 1074 1238 hauriat
1096 1196 1152 1238 ore

288 1279 431 1367 Moxque
454 1289 574 1365 vomat,
598 1279 703 1345 furiae
725 1281 893 1366 excipiant
915 1291 947 1345 et
971 1280 1072 1344 tristis
1096 1281 1210 1368 erinys
1223 1284 1242 1343 ¹.

288 1386 483 1451 Luetifieam
507 1386 622 1452 Aleeto
645 1409 666 1451 a
689 1386 805 1451 dextra
828 1409 847 1451 a
870 1386 1030 1473 laevaque
1051 1387 1249 1472 Megaeram,

185 1514 255 1557 rra.
285 1493 388 1558 Noeta
412 1505 508 1578 satas,
532 1495 594 1559 atri
617 1503 740 1558 statuat
761 1493 946 1558 dominator
969 1493 1093 1577 averni,

289 1602 431 1665 Aeterno
456 1600 496 1665 de
519 1612 551 1666 te
573 1623 656 1688 quae
681 1612 811 1665 sumant
834 1610 977 1687 tempore
1001 1623 1129 1688 poenas,

288 1710 457 1792 Aeternas,
480 1707 558 1771 olim
583 1707 710 1772 nullum
733 1730 814 1793 quas
837 1710 989 1772 terminet
1012 1730 1138 1773 aevum.

289 1815 377 1879 Ante
400 1813 510 1879 oeulos
535 1823 597 1879 stet
619 1814 796 1900 Tisiphone
819 1814 972 1901 dirosque
998 1813 1149 1879 colubros

287 1920 438 2005 Intentet,
462 1920 608 2006 duroque
631 1921 744 1985 furens
768 1922 918 1986 aeeineta
940 1920 1070 2005 flagello

185 2046 252 2091 rso.
284 2027 417 2092 Nullam
440 2037 536 2094 neete
559 2028 628 2112 tibi,
652 2027 777 2092 nullam
800 2028 855 2093 det
877 2027 951 2093 luee
975 2029 1125 2114 quietem,
1149 2067 1193 2075 —

288 2133 324 2200 Si
347 2144 396 2199 est
418 2134 487 2220 lux,
510 2133 603 2199 nulla
625 2134 746 2199 rubens
772 2135 827 2199 ubi
852 2133 960 2198 fundit
983 2134 1107 2198 lumina
1130 2135 1214 2198 titan

287 2243 530 2328 Perpetuaeque
553 2241 702 2308 habitant
725 2242 878 2307 tenebrae
902 2263 1031 2328 noxque
1053 2263 1119 2305 una
1137 2242 1301 2327 perennis,

287 2347 331 2413 Ni
354 2371 451 2434 quam
476 2348 544 2412 edit
567 2347 674 2414 lueem
698 2359 780 2413 tetre
803 2346 923 2412 ardens
947 2347 1054 2412 sulfur
1078 2347 1184 2429 odore,

287 2455 379 2535 Quas
403 2454 489 2520 solas
512 2455 659 2520 flammas
684 2457 718 2519 in
741 2477 878 2542 poenam
901 2464 1024 2518 tartara
1047 2465 1176 2518 norunt.

186 2582 254 2627 rso.
286 2561 415 2628 Obvius
438 2563 534 2627 Ixion
557 2564 665 2628 veniet
687 2563 747 2626 tibi
771 2561 915 2648 perfidus
939 2561 1034 2646 ultre,

287 2671 362 2751 Qua
385 2669 527 2752 volvere,
550 2681 621 2733 rota
645 2668 777 2749 eedens3
800 2670 860 2734 tibi
884 2668 1041 2733 Tantalus
1065 2668 1170 2733 undas

286 2776 432 2841 Intactas
455 2775 556 2840 labris
579 2789 611 2840 et
634 2798 729 2863 poma
752 2776 884 2861 fugacia
908 2776 1023 2859 tradet,

288 2882 539 2969 Ceneedentque
561 2883 630 2958 tibi,
653 2906 734 2968 quas
758 2893 874 2968 gestes,
897 2883 1028 2949 Belides
1052 2906 1160 2948 urnas,

287 2990 517 3077 Cauoaseaque
540 2989 621 3054 alter
644 2989 800 3076 pendebis
824 3013 904 3076 rupe
927 2990 1152 3071 Prometheum

184 3117 255 3161 reo.
289 3096 372 3162 Sons
396 3098 470 3181 eris,
494 3106 662 3161 aeternum
685 3096 780 3161 rodat
802 3098 857 3162 eui
881 3099 1010 3162 viscera
1032 3096 1152 3162 vultur.

287 3203 417 3269 Aeaeus
440 3203 500 3266 has
523 3226 643 3289 poenas
667 3205 770 3268 iustas
794 3205 873 3268 satis
896 3226 968 3269 esse
991 3204 1122 3290 negabit

286 3310 431 3376 Crimine
454 3333 512 3397 pre
536 3320 639 3391 tant03
661 3333 782 3397 poenas
806 3310 986 3395 meditetur,
1010 3309 1130 3376 Aehati

285 3416 397 3501 Curae,
420 3419 560 3482 maiores
583 3440 663 3504 epus
687 3428 743 3486 est
767 3417 942 3504 auditaque
966 3439 1132 3505 nunquam

287 3523 463 3612 Supplicia,
488 3535 520 3589 et
543 3527 644 3615 stygii
666 3527 772 3590 Minos
795 3535 873 3589 trux
896 3526 1020 3591 arbiter
1042 3527 1110 3590 oroi

183 3651 253 3696 ros.
284 3631 441 3698 Crudeles
465 3643 563 3696 aeuat
585 3632 702 3697 studiis
726 3632 916 3697 ardentibus
939 3634 1018 3714 iras;

286 3738 430 3805 Gnosius
455 3739 613 3805 aeoendat
637 3742 760 3805 socium
784 3739 1055 3805 Rhadamanthus
1079 3750 1261 3826 utrumque,

286 3847 329 3911 Et
351 3846 471 3933 quibus
495 3848 528 3910 in
553 3856 660 3912 sontes
684 3856 816 3912 steterat
840 3847 1040 3912 eruciatibus
1064 3869 1175 3911 omnes

286 3952 431 4036 Saevire,
455 3953 575 4018 inferni
598 3964 754 4040 quotquot
777 3964 863 4018 tenet
887 3954 963 4018 aula
986 3955 1132 4042 tyranni:

285 4059 484 4124 Eumenides
509 4070 639 4124 vertant
662 4061 696 4123 in
720 4070 805 4124 teet
829 4060 939 4125 feralis
963 4062 1083 4149 erinys

287 4309 374 4361 ιΝοιι
393 4311 459 4360 satis
479 4319 604 4361 ueeurute
631 4312 714 4360 utitur
739 4311 780 4361 his
806 4312 971 4375 nominibus,
996 4311 1125 4376 siquidem
1152 4310 1223 4360 suria
1248 4310 1324 4362 haud

178 4399 265 4450 differt
286 4399 320 4450 ab
339 4400 422 4464 eriny.
