3016 5310
797 463 874 496 I’Ii‘I'lII
893 462 981 497 notzn

864 866 919 916 Ad

598 985 834 1052 NICOLAUM
858 986 1187 1052 RADIVILONEM.

429 1178 569 1263 Elisabe‚
592 1178 752 1262 Radivilo,
775 1180 834 1243 tibi
858 1177 1004 1243 Sidlovia
1027 1179 1132 1265 proles

427 1287 578 1370 Ducitur,
602 1295 676 1350 ante
702 1308 812 1350 ornnes
836 1286 940 1349 forma
962 1284 1181 1371 pulcherrima
1202 1287 1298 1372 virgo

429 1391 635 1476 Sarmatides‚
658 1393 761 1455 maior
784 1392 895 1456 laudat
918 1415 998 1480 quas
1023 1392 1111 1456 fame
1133 1393 1267 1479 puellas.

427 1499 609 1585 Antiquum
633 1498 822 1584 alarumque
845 1521 957 1584 genus,
981 1497 1095 1563 domus
1119 1500 1233 1564 inolita
1257 1500 1284 1563 si
1308 1523 1374 1586 qua
1396 1509 1441 1564 est

387 1656 394 1668 .
427 1603 605 1670 Sarmatico
629 1605 790 1669 celebrata
814 1605 881 1670 solo
904 1606 1056 1692 famaque
1080 1605 1229 1694 superba,

429 1713 520 1778 Haeo
537 1736 602 1776 una
622 1725 679 1797 est,
695 1735 778 1798 quae
798 1724 954 1778 monstrat
971 1736 1048 1777 avos
1068 1724 1262 1800 gentemque
1277 1723 1455 1797 vetustam.

429 1819 596 1904 Insignem
621 1819 724 1902 foetis,
749 1819 870 1883 olaram
893 1819 1041 1907 belloque
1065 1830 1212 1906 togaque.

428 1924 510 1990 inde
532 1926 593 1990 tibi
617 1925 761 1991 subolem
787 1949 936 2011 quaeras:
961 1949 1050 1991 soror
1073 1926 1175 1992 altera
1197 1949 1318 2013 magno

430 2032 624 2115 Tarnovt01,
648 2034 722 2118 sois,
745 2033 845 2097 dueta
867 2034 937 2097 viro
960 2043 1008 2098 est
1032 2035 1217 2119 coniuxque
1240 2035 1365 2119 iugata3

390 2189 396 2201 .
429 2138 591 2202 Tarnovio
614 2138 708 2203 bellis
732 2139 829 2224 olere,
853 2163 916 2224 quo
940 2139 1041 2205 milite
1065 2163 1169 2227 saepe,

429 2244 502 2324 Quo
526 2246 610 2311 duee
632 2247 771 2311 viatores
794 2246 960 2310 redierunt
984 2269 1079 2334 saepe
1101 2247 1225 2311 Poloni.

429 2351 528 2416 Hune
552 2352 614 2415 sibi
638 2352 910 2438 Christophorus²
933 2376 1089 2439 generum
1112 2353 1276 2440 delegerat
1299 2375 1418 2418 omnes-

429 2458 518 2522 Inter
541 2458 748 2524 Sauromatas
768 2483 943 2546 omnesque
966 2470 1132 2546 optaverat
1155 2461 1248 2524 inter.

524 2565 577 2629 Ex
599 2565 661 2630 hae
683 2566 760 2630 ille³
784 2566 887 2649 dome,
910 2567 1031 2653 telique
1055 2591 1097 2633 ex
1120 2568 1219 2654 stirpe
1242 2567 1369 2654 cupivit

388 2724 395 2737 .
427 2672 564 2737 Sustulit
587 2683 618 2736 et
641 2673 772 2757 prolem,
796 2695 893 2758 quam
916 2674 982 2737 iam
1006 2697 1096 2739 nuno
1118 2673 1236 2738 eduoat
1260 2673 1335 2738 altis

428 2779 468 2842 In
491 2800 604 2864 regum
628 2778 778 2844 domibus
801 2780 986 2866 gaudetque
1009 2803 1196 2846 assuescere
1219 2785 1353 2865 regnos

426 2886 496 2949 Iam
518 2896 617 2969 tener,
641 2897 777 2951 aetatem
801 2910 900 2973 supra
916 2886 1054 2973 —quid
1079 2887 1237 2972 sanguine
1260 2886 1361 2951 refert

431 2993 512 3057 Esse
536 3003 641 3055 satum
666 2993 774 3057 eluro?
798 3032 841 3040 -
865 2995 965 3079 patris
988 3016 1069 3079 puer
1091 2992 1237 3059 aemulus
1261 3015 1353 3057 arma

428 3098 565 3183 Cogitat,
589 3109 620 3163 et
643 3110 710 3164 tote
732 3100 907 3164 meditatur
929 3100 1052 3186 proelia
1074 3111 1190 3165 mente.

347 3226 394 3269 ao.
425 3205 513 3268 Mars
537 3206 626 3270 eordi
650 3218 681 3272 et
705 3207 839 3272 Bellona
859 3208 972 3293 magis,
1000 3230 1099 3293 quam
1121 3207 1209 3272 oulta
1231 3205 1383 3272 Minerva
1406 3215 1472 3271 est:

326 3365 494 3373 ——m—
507 3369 532 3374 -.

430 3435 437 3463 ¹
459 3436 565 3501 Sophia,
586 3453 654 3502 quae
672 3447 736 3489 ante
755 3440 839 3503 patris
860 3446 970 3488 mortem
989 3437 1080 3501 (1532)
1104 3437 1236 3488 Tamovio
1255 3437 1380 3503 nupsisse
1399 3435 1468 3487 vide·

323 3532 375 3588 tur,
394 3525 525 3589 siquidem
544 3534 616 3577 reote
637 3527 719 3578 tradit
739 3529 851 3592 Roysius
871 3529 943 3577 infra
967 3541 992 3577 v.
1021 3526 1053 3578 12
1079 3543 1116 3592 sq.
1141 3527 1230 3592 ipsum
1248 3525 1474 3592 Christophorum.

323 3613 516 3678 Szydlowieeki
536 3617 628 3678 sitisse,
647 3618 694 3682 qui
712 3618 763 3668 sibi
782 3620 908 3668 Ioannem
928 3616 1090 3666 'l‘amovium
1110 3632 1237 3682 generum
1250 3615 1383 3682 elegisset
1405 3617 1469 3666 Tar·

321 3703 394 3752 novii
413 3718 521 3754 uxorem
543 3705 625 3755 tuisse
645 3707 748 3756 Nicolai
767 3706 960 3771 Szydlowiecki
980 3705 1061 3755 filiam
1087 3705 1159 3756 haud
1183 3714 1256 3756 reete
1279 3704 1470 3770 suspicabatur

321 3791 454 3856 Papreeki
473 3809 585 3858 eumque
605 3803 712 3845 secutus
732 3795 865 3846 Niesieclsi
885 3797 1017 3857 (Herburz
1036 3795 1076 3845 ed.
1097 3795 1176 3845 Bobr.
1197 3794 1270 3856 VIII,
1290 3790 1362 3857 641).

430 3879 665 3947 ’Christophorus
685 3882 885 3947 Szydlowieolsi⁵
906 3883 967 3934 inde
987 3886 1021 3934 eb
1041 3900 1065 3934 a.
1087 3882 1157 3935 1512
1175 3881 1312 3946 palatinus
1331 3888 1415 3947 atque
1428 3896 1471 3931 oa·

321 3970 446 4036 pitsneus
466 3972 659 4032 cracoviensis,
678 3973 713 4021 ab
732 3987 756 4020 a.
778 3971 846 4022 1513
866 3973 941 4038 regni
960 3973 1086 4023 I’oloniae
1105 3971 1292 4034 cancellarius,
1312 3971 1348 4021 ab
1362 3986 1387 4021 a
1402 3967 1473 4021 1526

321 4058 487 4110 castellanus
507 4058 702 4124 Craeoviensis‚
721 4060 787 4111 obiit
806 4077 830 4111 s.
851 4060 928 4112 1532.

432 4146 441 4174 ³
460 4148 516 4199 scil.
537 4150 693 4199 TarnovIus.

432 4236 443 4263 ⁴
462 4238 593 4302 Loquitur
612 4239 725 4303 Roysius
744 4239 776 4289 de
796 4240 896 4289 Ioanne
915 4239 1104 4305 Christophoro
1123 4240 1266 4304 Tamusia,
1291 4238 1337 4305 qui
1360 4239 1389 4297 in
1408 4238 1471 4289 Fer·

321 4325 443 4388 diuendi,
462 4327 532 4392 regis
551 4329 673 4391 Romani,
693 4328 756 4378 aula
774 4329 940 4379 educabatur
959 4336 986 4379 et
1005 4337 1097 4394 postea
1120 4329 1284 4381 castellanus
1303 4325 1477 4379 VoinIeensie

323 4416 423 4473 faetus,
444 4430 467 4465 a.
490 4414 566 4479 1567,
587 4417 698 4482 triginta
718 4419 773 4468 fere
787 4434 870 4468 annos
884 4427 972 4481 natus,
992 4432 1111 4468 mortuus
1125 4426 1166 4470 est
1179 4418 1334 4484 (Nissiseki
1349 4417 1498 4473 Herbaru-

319 4503 362 4554 ed.
384 4504 464 4554 Bobr.
484 4505 530 4568 lx,
550 4503 603 4571 12).
