3016 5310
522 1706 748 1801 Appendlx
780 1708 838 1785 lll.

218 2058 381 2123 Editionis
405 2056 501 2122 huius
525 2069 681 2144 apparatu
706 2059 771 2122 iam
796 2081 896 2145 paene
921 2059 1008 2122 omni
1030 2059 1118 2147 typis
1134 2082 1255 2124 excuso

110 2167 262 2253 pervenit
285 2167 319 2230 in
339 2188 456 2230 manus
473 2188 561 2230 meas
576 2163 660 2230 liber
675 2189 694 2230 a
710 2165 879 2231 Theodoro
893 2165 1131 2231 Wierzbowski
1148 2164 1255 2230 editus

110 2272 310 2362 (Matoryaly
345 2271 387 2336 do
422 2272 559 2358 dziejdw
595 2273 856 2359 pis'miennictwa
890 2272 1068 2361 polskiego.
1106 2272 1187 2337 Tom
1220 2274 1254 2356 I.,

110 2381 303 2445 Warszawa
330 2381 435 2465 1900),
458 2380 513 2465 qui
537 2379 771 2445 tabulariorum
796 2380 881 2445 baud
908 2379 1107 2468 spernendas
1135 2381 1254 2466 copias,

109 2487 153 2552 ad
178 2486 303 2552 litteras
327 2487 476 2572 vitasque
499 2487 694 2574 scriptorum
719 2487 840 2552 saeculi
865 2489 932 2552 XV
956 2501 1052 2574 atque
1076 2487 1161 2552 XVI
1177 2485 1252 2551 illu-

113 2594 265 2658 strandas
282 2595 487 2681 pertinentes,
505 2593 739 2680 complectitur.
763 2595 803 2658 In
819 2594 936 2681 quibus
961 2617 1036 2659 cum
1053 2595 1150 2659 etiam
1167 2595 1256 2683 Roy-

110 2702 206 2766 ziana
221 2701 382 2788 quaedam
398 2700 506 2766 adhuc
524 2701 602 2766 mihi
618 2703 729 2788 ignota
746 2703 996 2786 continerentur,
1013 2703 1127 2768 abesse
1143 2723 1254 2766 eorum

111 2809 257 2873 fructum
281 2809 322 2875 ab
346 2808 407 2874 hac
431 2807 572 2874 editione
595 2810 685 2873 nolui
710 2822 806 2896 atque
821 2808 902 2874 haee
917 2811 1093 2896 praecipua
1109 2809 1252 2875 enotavi:

221 2919 249 2980 l.
276 2917 335 3002 Pg.
362 2917 424 2980 134
447 2939 493 3004 sq.
517 2917 673 3003 repetitur
696 2939 737 2981 ex
761 2917 882 3003 publici
907 2917 999 3001 regni
1029 2914 1135 3002 poloni
1160 2916 1254 2981 tabu-

111 3022 188 3088 larii
210 3022 327 3088 litteris
350 3023 517 3112 (metryka
540 3023 622 3106 ker.)
645 3023 847 3109 Sigismundi
864 3023 1005 3109 Augusti
1030 3023 1117 3106 regis
1141 3022 1254 3087 decre·

112 3141 199 3215 tum,
230 3129 383 3196 Grodnae
414 3130 467 3196 die
493 3133 535 3196 10
558 3132 678 3195 mensis
706 3133 835 3216 augusti
867 3155 895 3195 a.
923 3132 1005 3195 1567
1031 3128 1159 3213 datum,
1190 3152 1253 3216 quo

111 3237 226 3326 Royzii
251 3238 448 3325 stipendium
471 3261 616 3303 annuum
645 3240 894 3325 quingentorum
925 3238 1137 3321 florenorum,
1168 3236 1252 3323 qnod

111 3354 207 3409 antea
223 3367 263 3410 ex
277 3344 456 3410 salinarum
468 3344 704 3410 Vielicensium
722 3345 827 3411 reditu
845 3346 1085 3429 numerabatur,
1103 3344 1254 3409 thesauro

112 3453 222 3517 curiae
246 3453 355 3538 regiae
379 3452 571 3519 solvendum
587 3452 793 3517 adtribuitur.
819 3455 956 3518 Factum
977 3452 1010 3517 id
1027 3475 1098 3517 esse
1113 3451 1255 3517 traditur

112 3583 154 3624 ex
178 3560 382 3625 comitiorum
407 3562 499 3646 regni
524 3561 614 3645 scite,
638 3584 701 3647 quo
725 3562 846 3645 omnia,
870 3561 988 3647 quibus
1012 3559 1088 3624 inde
1112 3559 1153 3623 ab
1178 3558 1255 3623 Ale·

112 3666 240 3732 xandro
263 3690 339 3755 rege
363 3677 475 3733 contra
498 3666 587 3753 leges
612 3667 790 3732 salinarum
815 3667 939 3732 reditus
964 3678 1184 3750 onerarentur,
1212 3664 1253 3729 ad

111 3774 177 3839 alia
192 3774 367 3862 vectigalia
383 3775 553 3839 transferri
569 3774 753 3862 placuisset.
776 3776 851 3855 Quo
872 3776 959 3859 regis
980 3772 1108 3840 decreto
1125 3772 1255 3858 cognito

112 3903 188 3946 cum
211 3882 326 3972 Royzii
349 3881 511 3969 querellas
535 3893 621 3948 certo
637 3883 785 3969 iustoque
801 3881 1013 3947 fundamento
1029 3902 1094 3945 non
1111 3880 1256 3945 caruisse

110 4000 275 4076 appareat,
306 3988 340 4053 id
363 3998 472 4054 tamen
496 3989 683 4054 etiamnunc
706 4012 770 4053 non
796 3988 911 4075 liquet,
934 4011 998 4075 qua
1023 3987 1155 4071 ratione,
1178 4009 1254 4051 cum

110 4119 169 4160 rex
192 4096 313 4161 diserte
336 4097 566 4184 praecepisset,
598 4106 633 4160 ut
663 4097 787 4185 Royzio
819 4120 951 4183 usque
983 4095 1031 4160 ad
1062 4104 1255 4159 extrema

110 4205 205 4269 eius
230 4205 349 4270 vitae
377 4215 567 4291 tempora
595 4227 614 4268 a
638 4203 840 4270 thesaurario
864 4205 955 4289 regni
979 4203 1090 4268 curiae
1112 4200 1175 4267 hoo
1198 4223 1256 4266 an·

108 4334 210 4378 nuum
234 4311 432 4401 stipendium
455 4310 592 4398 singulis
616 4313 710 4377 annis
726 4313 892 4399 quaternis
908 4312 1019 4397 aequis
1038 4309 1253 4398 portionibus,

111 4443 191 4486 non
229 4419 506 4507 exspectatis
545 4441 725 4506 unquam
760 4419 864 4484 aliis
902 4419 1043 4505 ipsius
1077 4416 1256 4502 litteris,

112 4528 204 4593 sine
227 4526 317 4593 ulla
341 4525 623 4591 difficultate
646 4526 895 4614 persolveretur,
920 4549 970 4591 res
994 4548 1031 4589 eo
1048 4522 1188 4589 deducta
1205 4524 1257 4610 sit,
