3016 5310
685 499 850 537 sraursnavs.
1304 482 1328 549 b

203 566 583 576 —--—.——--.....--..--
604 569 690 577 .....-.
887 571 930 576 ---
947 571 1203 578 —.———-.

202 570 1325 591 ῂ-ω--η-ῄ--ῂ-Ξ

287 695 348 757 Ast
370 714 466 778 quem
488 691 574 756 laeta
597 715 693 756 suum
717 692 941 779 Scepanovia¹
964 694 1063 758 iactat
1087 693 1265 778 alumnum7
1294 725 1297 730 ·

289 800 430 863 Tantum
453 808 550 863 nacta
574 797 683 883 decus,
706 798 786 864 felix
811 799 1013 886 Scepanoria
1034 800 1143 865 tellus!

290 906 363 969 Non
385 905 442 968 illo
465 905 628 991 quondam
652 905 787 991 populos
810 928 918 971 errare
941 908 1096 992 magistro

212 1033 258 1076 so.
288 1012 351 1075 Fas
374 1020 443 1076 erat
468 1021 524 1074 aut
548 1010 633 1074 divis
657 1010 762 1075 colere
786 1013 886 1097 impia
910 1013 987 1076 fana
1010 1013 1140 1089 relictis,

290 1117 362 1182 Non
384 1117 474 1181 vitiis
498 1139 631 1181 onerare
655 1119 789 1201 animas,
813 1140 877 1181 non
902 1119 1037 1183 crimine
1060 1120 1161 1183 vitam

289 1222 437 1288 Polluere
459 1234 491 1287 et
513 1225 612 1287 tacito
635 1246 765 1289 versare
789 1226 822 1288 in
846 1235 974 1312 pectore
997 1225 1137 1310 fraudes⁷

288 1330 429 1394 Insidias
453 1341 576 1395 struere
599 1342 631 1394 et
654 1354 782 1395 mensas
805 1342 962 1397 temerare
985 1355 1119 1418 veneno,

291 1437 365 1501 Non
389 1436 496 1501 odisse
520 1461 595 1500 suos
618 1439 764 1524 iramque
787 1439 945 1503 lacessere
969 1437 1090 1522 divum,

211 1565 260 1607 ss.
290 1542 443 1607 Turbatis
466 1544 568 1606 sacris
591 1555 623 1607 et
646 1544 801 1629 religione
823 1555 959 1608 vetusta.

378 1650 453 1713 Non
477 1650 551 1713 fas2
574 1651 700 1735 ignotos
724 1651 793 1714 sine
816 1651 963 1737 praesule
986 1653 1108 1737 figere³
1128 1653 1210 1716 ritus

292 1756 334 1820 Et
357 1778 479 1820 morem
502 1756 631 1843 templis
655 1757 774 1821 studere
797 1759 961 1843 imponere
985 1758 1107 1841 divum,

292 1861 441 1928 Sanctior
463 1867 525 1928 ac⁴
549 1865 620 1927 aevi
644 1886 726 1948 quae
749 1886 829 1949 gens
852 1863 927 1928 tulit
949 1864 1006 1928 illa
1029 1865 1154 1951 prioris,

292 1969 447 2056 Quaeque
469 1969 565 2034 hodie
588 1971 672 2033 vasti
697 1972 842 2056 sequitur
864 1993 939 2057 pars
962 1973 1106 2035 maxima
1129 1971 1253 2056 mundi,

213 2097 259 2139 so.
289 2076 443 2140 Arbitriis
466 2089 592 2141 mutare
616 2077 683 2140 suis
707 2088 739 2141 et
761 2077 829 2141 sola
852 2087 966 2163 putare

291 2182 402 2267 Recta,
425 2183 555 2269 placent
578 2184 635 2247 uni
659 2182 777 2270 populo
800 2207 1012 2270 quaecunque
1035 2185 1179 2271 profano,

291 2288 554 2376 Contemptisque
577 2312 677 2354 novos
700 2291 847 2377 patribus
870 2291 1089 2376 praescribere
1114 2290 1230 2377 cultus,

292 2395 340 2461 Sit
363 2406 518 2482 tanquam
541 2396 689 2460 afflatum
712 2397 836 2461 meliori
860 2399 993 2462 numine
1016 2397 1144 2484 vulgus,

291 2501 357 2566 Ceu
382 2503 508 2588 rigeant
532 2525 689 2589 proceres,
711 2505 751 2567 sit
775 2504 904 2568 flamine
928 2503 1025 2591 plena
1047 2504 1107 2568 deo
1129 2503 1254 2590 plebs⁶

213 2628 259 2672 ss.
290 2607 408 2686 Qualia
431 2620 575 2673 monstra
597 2632 730 2695 gemens
755 2621 864 2674 nostra
887 2634 982 2697 aegre
1005 2612 1142 2675 sustinet
1165 2621 1253 2675 aetas

290 2714 497 2802 laetatusque
521 2738 613 2781 sacer
634 2727 682 2780 tot
704 2718 949 2803 tempestatibus
972 2717 1059 2782 ordo.

289 2820 404 2907 Tuque
427 2822 516 2908 adeo,
540 2823 684 2888 Romane
708 2835 807 2910 pater,
831 2826 885 2889 cui
908 2836 993 2889 terra
1016 2825 1207 2910 fretumque,

290 2927 350 2992 Cui
375 2927 461 3017 Styx
484 2930 620 3013 mortali,
645 2931 758 2994 melior
776 2932 834 2995 eui
858 2942 948 3017 paret
972 2931 1142 3019 Olympus,

291 3034 471 3120 Indignaris
495 3035 559 3101 late
583 3037 727 3122 spoliatis
751 3039 869 3123 aspicis
894 3040 958 3101 aris

210 3159 257 3203 so.
290 3138 547 3228 Sarmatiamque
571 3142 660 3207 doles
683 3154 809 3207 tantum
833 3145 867 3206 in
891 3143 1066 3208 discrimen
1089 3144 1165 3207 iisse

291 3245 473 3333 Sacrorum,
497 3250 581 3313 male
603 3251 732 3314 vicinus
756 3273 852 3336 quain
876 3250 1014 3337 perculit
1038 3272 1134 3314 error.

291 3353 333 3417 Et
355 3355 419 3418 nisi
442 3377 501 3419 nos
523 3356 655 3420 tandem
680 3357 769 3421 caelo
793 3357 873 3420 deus
897 3380 1019 3442 aequus
1043 3356 1083 3420 ab
1107 3355 1171 3420 alto

290 3460 461 3547 Respectct
484 3462 627 3547 miseros,
651 3463 771 3527 frustra
795 3474 851 3527 tua
874 3463 1012 3526 fulmina
1035 3474 1164 3549 torques

288 3568 510 3655 Aetemasquc
534 3592 630 3634 neces
655 3579 686 3634 et
710 3571 803 3655 nigra
828 3571 962 3633 minaris
986 3592 1115 3634 averna.

292 3840 301 3869 ¹
327 3843 415 3908 Pagus
440 3843 468 3892 in
495 3851 566 3894 terra
591 3844 762 3895 Cracoviensi
788 3861 868 3909 propa
893 3842 1038 3893 Bochniam
1061 3843 1154 3892 urbem
1178 3842 1254 3904 situs,
1279 3840 1327 3892 ubl

184 3934 247 3982 stus.
267 3931 418 3981 Stanislaus
438 3948 462 3982 a.
483 3931 552 3984 1030
570 3941 650 3982 natus
670 3950 728 3984 esse
743 3932 865 3983 traditur.
887 3933 1011 3983 Ceterum
1025 3932 1094 3981 coni.
1109 3931 1145 3979 sis
1159 3929 1193 3979 ad
1206 3928 1326 3996 singulos

184 4015 253 4070 locos
271 4018 352 4070 hnins
371 4021 497 4072 carminis
517 4022 703 4072 adnotationes
728 4020 880 4084 historicas,
905 4037 971 4087 quas
996 4018 1056 4071 dedi
1082 4019 1116 4070 ad
1135 4021 1266 4084 Panegyr.
1290 4017 1325 4069 ad

182 4105 235 4158 div.
253 4109 419 4159 Stanislaum
438 4110 515 4161 Pauli
535 4110 690 4161 Crosnensis
713 4111 741 4160 in
768 4110 853 4161 altero
872 4109 1006 4160 volumina
1025 4108 1147 4174 Corporis
1167 4106 1229 4159 inde
1246 4123 1263 4157 a
1282 4123 1327 4174 pg.

182 4190 225 4246 42.
244 4196 351 4247 Clarius
371 4206 398 4248 et
416 4200 570 4249 accuratius
590 4198 673 4250 Paulo
692 4201 830 4251 enarravit
848 4216 902 4249 rem
924 4199 1046 4263 ltoyzius.

290 4282 300 4312 ¹
319 4286 381 4337 Scil.
401 4288 480 4349 enim,
500 4304 561 4338 uam
577 4298 618 4339 est
631 4287 769 4355 digressio.
790 4305 857 4353 quae
870 4288 980 4353 respicit
994 4296 1113 4352 tempora
1125 4285 1209 4351 ipsius
1222 4291 1326 4350 poetas.

292 4372 365 4425 ⁸s'ie
384 4376 412 4425 in
431 4375 507 4429 libro.

291 4462 302 4491 ⁴
321 4465 365 4514 lta
382 4465 410 4513 in
430 4464 498 4516 libro
517 4482 563 4531 pro
583 4470 697 4532 „atque“
717 4466 876 4531 optimorum
896 4465 1063 4530 scriptorum.

289 4550 302 4581 ⁶
320 4553 338 4604 i.
357 4569 380 4604 s.
399 4554 476 4619 quasi
490 4553 584 4620 vulgus
597 4555 751 4620 proceribus
764 4561 915 4619 praestaret
926 4553 1025 4604 iudicio
1038 4552 1167 4604 divinitus
1185 4551 1327 4618 inaplrato.
