3016 5310
571 468 778 503 rnrnrnsrrrnos.
1181 451 1243 516 181

299 664 342 729 Et
363 675 404 748 te„
428 663 546 729 Conari
556 669 575 740 ¹,
600 665 709 729 conari
733 662 864 727 credere
889 672 1000 727 contre

208 769 356 835 Difficile
379 782 436 854 est,
458 782 515 834 tua
538 794 613 834 nem
637 769 780 857 probitas
802 780 1034 856 perspectaque
1057 770 1170 853 virtus,

208 877 397 942 Priscorum
420 876 597 941 observans
622 898 755 960 morum⁷
779 876 908 940 diversa
932 874 1068 962 probare

209 982 284 1048 Non
308 982 422 1046 suadet
447 983 614 1069 prolesque
639 984 739 1047 sacris
764 984 828 1045 inni
853 981 963 1046 dedite
986 981 1113 1067 templis
1124 983 1145 1045 ².

298 1089 480 1167 Oretoovin
505 1089 582 1175 quid
606 1100 651 1172 tu,
675 1089 772 1154 rebus
795 1111 893 1175 prope
917 1099 991 1152 nate
1014 1087 1187 1171 gerendis?

208 1197 298 1277 Quid
321 1207 366 1281 tu,
390 1195 564 1261 I’rercmbi.
588 1219 651 1282 quo
676 1219 709 1260 se
733 1194 860 1261 Sirndie
885 1197 992 1269 luctet,

207 1305 248 1368 In
271 1327 335 1390 quo
358 1314 389 1367 et
412 1303 564 1367 virtutem
589 1313 620 1366 et
644 1325 764 1367 rnorern
789 1304 924 1366 miretur
947 1303 1098 1365 avitum?

208 1409 340 1474 Inducti
365 1412 476 1495 pravis
499 1409 587 1472 lrnud
611 1409 821 1495 religionibus
845 1410 931 1472 estis.

296 1517 379 1599 Non,
402 1515 531 1599 Iacobo,
554 1515 622 1599 tibi,
647 1517 808 1600 Lessoci⁴³
833 1516 978 1579 cannino
1002 1527 1134 1600 possunt

154 1647 172 1687 ’.
209 1622 286 1688 Ulla
310 1625 388 1686 sotis
411 1622 546 1686 lauduni
571 1622 736 1686 cumulum
761 1623 897 1687 recitare
920 1633 1058 1686 tuarum.

206 1729 302 1794 Unus
324 1731 420 1812 enirn,
444 1729 550 1793 faniae
575 1730 602 1791 si
626 1730 798 1815 quicquum
824 1728 1028 1793 crederesne
1052 1740 1108 1812 est,

206 1834 398 1900 Praeclarus
422 1837 590 1921 gentisque
614 1846 689 1898 tuae
712 1835 913 1921 fratrumque
936 1844 1074 1918 tuorunn

207 1941 272 2022 Qui
296 1965 432 2006 romena
455 1941 539 2005 eolat
564 1951 733 2027 servetque
757 1940 880 2024 ulteria,
903 1950 1013 2006 restas.

298 2048 511 2133 Herbortus⁵‚
535 2049 629 2134 pntrii
656 2049 707 2111 vir
730 2048 989 2112 consultissimus
1013 2071 1097 2111 unus

165 2207 172 2220 .
208 2156 295 2220 Iuris
318 2166 414 2241 etque
438 2155 541 2240 nequi,
566 2155 683 2240 pietate
706 2156 844 2239 insignis
870 2155 1005 2240 uvisque

207 2260 377 2348 Stirpeque
401 2263 559 2325 maiorum
583 2284 739 2346 generoso
761 2272 793 2326 et
816 2261 995 2347 grandibus
1019 2261 1119 2337 eusis3

206 2368 325 2455 Ampla
349 2378 508 2454 vetusque
532 2368 646 2431 domus
671 2380 779 2431 nostro
803 2368 1007 2431 Buczacius⁶
1030 2389 1110 2431 nevo

207 2477 249 2540 Et
272 2475 519 2559 Zebridoviusl,
544 2498 661 2539 nornen
684 2475 739 2560 qui
763 2498 781 2537 n
805 2475 882 2539 tlore
906 2475 1059 2538 decorum

206 2584 352 2670 Accepit,
375 2584 470 2669 patrii
496 2581 662 2645 consultus
686 2583 765 2645 iuris
789 2592 820 2645 et
845 2583 921 2667 ipse,

153 2713 170 2754 ’.
207 2689 250 2752 Et
272 2711 408 2775 quoque,
431 2688 542 2772 Teuto,
566 2687 622 2770 tui⁷
647 2710 709 2751 non
734 2687 907 2772 impietatis
931 2696 961 2749 et
985 2709 1072 2764 erse3

206 2794 272 2874 Qui
295 2805 326 2858 et
350 2793 582 2859 Vilcsnovinrn
607 2804 807 2857 constantem
831 2792 1009 2857 Oounius’t
1034 2792 1127 2857 sulae

206 3017 348 3068 ¹Videtur
374 3026 482 3083 tongere
509 3019 652 3083 tls-orgium
681 3018 821 3068 Konnrski.
847 3017 1023 3066 castellanum
1049 3017 1241 3075 rulissiensenr,

153 3108 215 3157 inis.
234 3107 351 3172 episcopi
371 3108 559 3161 cracoviensis.
580 3109 671 3156 fratris
691 3108 781 3156 lilium.

206 3193 217 3223 ²
236 3195 363 3247 Ademus.
382 3196 526 3245 canonieus
541 3212 654 3247 cruror.
669 3211 692 3244 a.
708 3195 778 3247 1562
792 3196 930 3259 episeopus
945 3194 1129 3257 posnaniensis
1144 3196 1241 3245 laetus.

207 3284 218 3313 ³
236 3286 362 3334 Erasmus
383 3284 561 3337 Kretkowski.
581 3285 745 3333 cristellnnns
765 3283 930 3349 gnesnensis,
949 3298 1027 3345 quem
1044 3283 1126 3331 etium
1141 3284 1177 3332 lo.
1192 3283 1241 3333 Co-

152 3374 245 3423 novius
264 3374 291 3423 in
311 3375 530 3439 eppigrumrnutis
551 3374 676 3423 celebrat.

205 3461 256 3512 ⁴1.
286 3462 413 3511 Lussoclri
443 3471 499 3511 erut
526 3463 688 3512 castellanos
717 3462 901 3519 lrnriciensis3
937 3464 1034 3510 lrutres
1061 3468 1150 3510 autem
1174 3461 1240 3522 eius,

152 3551 304 3615 istophorus
323 3559 349 3599 et
369 3551 520 3601 Stunislnus
540 3558 580 3603 in.
601 3552 628 3599 in
648 3561 805 3600 novatorum
826 3551 885 3599 lidei
906 3558 995 3601 rastra
1015 3550 1186 3599 transierunt.

204 3639 216 3669 ⁸
236 3641 357 3694 lacobus.
367 3641 603 3690 truterl'ulentini.
615 3641 731 3705 ‹piscopi
741 3641 924 3705 prernisliens..
938 3641 1026 3705 legum
1036 3641 1133 3704 peritia
1141 3639 1239 3689 clerus.

204 3729 262 3780 “ei
281 3745 372 3779 verum
393 3738 441 3780 cst.
462 3731 530 3792 qnod
553 3729 651 3778 lliolslri
672 3730 746 3779 (line.
768 3747 832 3794 pou.
855 3730 899 3785 lv.
919 3728 981 3795 otti)
1002 3732 1091 3791 refert,
1118 3744 1178 3779 enin
1199 3730 1241 3778 la·

152 3818 326 3875 iBuczaeki,
346 3820 469 3883 episcopo
496 3818 622 3883 plocensi,
649 3834 671 3867 n.
700 3817 763 3869 toll
788 3820 949 3868 exstinctum
968 3835 1025 3867 esse
1050 3818 1240 3869 lluczueioruru

152 3910 200 3959 lein
212 3908 330 3973 stirpem,
340 3908 523 3971 t'nnrilinrnqne
534 3907 703 3967 Tworowslti,
718 3925 750 3956 ex
761 3924 849 3957 sorore
861 3908 978 3973 episcopi
989 3907 1116 3971 genitam,
1130 3915 1156 3956 et
1170 3905 1241 3956 bonu

152 4013 230 4048 omen
243 3997 433 4047 Buczaciornm
448 3996 591 4060 rrcocpissc.
613 4014 644 4045 rx
656 4013 687 4045 eu
700 4012 768 4046 nora
779 3997 883 4046 lurniliu
894 4005 919 4046 et
931 4005 1021 4046 noster
1032 3996 1179 4046 Brrrnueius
1191 4002 1239 4045 est.

206 4083 215 4112 ²
234 4085 375 4135 Florianus
395 4084 607 4148 Zelirzydowslti.
627 4085 790 4134 castellanus
811 4086 977 4137 lnblinensis.
997 4087 1050 4135 dux
1070 4085 1148 4134 uulue
1163 4085 1240 4149 regni

152 4192 186 4225 m.
207 4175 293 4224 nedw.
314 4174 453 4237 koronny'r.
473 4174 552 4223 relius
573 4174 676 4223 bellicis
697 4175 793 4225 clunis.
821 4175 885 4224 iuris
906 4175 1108 4238 litterarumque
1128 4173 1238 4238 peritus.

204 4262 215 4289 '⁴
234 4264 346 4313 Videtur
365 4281 422 4313 esse
439 4264 484 4312 ille
499 4264 586 4314 ttlrnrt.
607 4264 684 4312 rtulne
699 4264 860 4328 sigismundi
875 4265 988 4329 Augusti
1002 4265 1072 4329 regis
1086 4264 1239 4328 praefectus

152 4354 268 4419 mistrz),
288 4354 363 4402 cuius
383 4353 452 4402 tilius
473 4353 686 4415 christophorus.
705 4368 772 4416 qnne
792 4353 824 4401 de
844 4353 1013 4418 sigismundo
1026 4357 1146 4415 Augusto
1163 4366 1241 4417 epa·

154 4450 307 4508 acceperat.
327 4443 444 4491 eorrnine
471 4442 593 4505 {Clrwuly
613 4443 762 4506 Zygrnunta
781 4444 902 4507 Augusta
928 4442 1015 4493 krolni
1041 4443 1187 4493 <savonae
1214 4456 1240 4492 e.

151 4532 167 4585 ὓ
185 4532 336 4597 publicavit
355 4530 593 4594 ‹mnu-snenn'ski.
614 4533 678 4580 Eur.
699 4548 764 4594 porr.
785 4533 856 4583 xlx.
876 4531 946 4597 835).
