3016 5310
656 441 732 474 PETRI
751 439 840 474 ROYZU

203 657 252 699 55.
286 637 372 700 Huio
396 635 538 699 studium
563 636 679 700 fulcire
703 636 811 699 Deum
835 635 978 700 labentia
1002 634 1088 699 fana.

286 743 392 828 Lapsa
417 743 598 807 instaurare
621 754 653 806 et
676 766 796 827 magna
819 765 906 806 nova
929 741 1069 805 rendere
1093 740 1186 805 mole.

285 849 374 913 Huie
397 850 508 935 inopes
532 849 677 913 studium
701 849 817 913 viduas
842 850 1038 934 miserosque
1062 848 1155 931 tueri,

287 956 375 1019 Huio
399 955 541 1020 studium
567 956 719 1042 populum
745 979 848 1020 manes
873 957 1037 1041 vitamque
1061 955 1187 1037 docere,

287 1064 406 1145 Vitam,
429 1086 527 1149 quam
551 1065 691 1128 moriens
716 1087 774 1127 nos
799 1065 911 1128 vivere
934 1064 1029 1127 iussit
1052 1064 1155 1127 Iesus.

202 1192 252 1233 oo.
284 1169 380 1234 Castu
406 1170 469 1233 viri
493 1171 608 1234 domus
631 1183 679 1234 eat
703 1171 968 1256 inculpatumque
991 1169 1109 1235 oubile.

288 1276 388 1341 Irasei
413 1279 525 1340 neaeit.
556 1279 620 1341 Seu
645 1277 726 1340 dura
752 1277 877 1341 esilvere
902 1300 1002 1363 poena

284 1383 457 1447 Insoutem.
483 1385 566 1447 iusta
591 1407 645 1448 seu
671 1395 794 1448 sontem
819 1385 889 1470 lege
914 1386 1009 1448 ferire

287 1490 476 1574 Conveniat,
499 1491 611 1576 prooul
636 1503 692 1555 aut
715 1492 800 1554 funis
824 1514 935 1555 areere
959 1491 1121 1578 profanos,

287 1599 398 1660 Sermo
422 1597 493 1661 fluit
517 1598 610 1662 leuis:
635 1621 701 1661 rem
728 1600 852 1684 perficit
876 1621 998 1685 aequus
1023 1609 1202 1684 utramque.

205 1724 253 1767 55.
285 1703 319 1767 si
343 1703 385 1766 ad
410 1703 536 1768 vultum
561 1717 704 1791 spectent
729 1718 761 1770 et
784 1706 879 1770 molle
904 1707 1052 1770 sonantia
1076 1706 1186 1789 verba

287 1812 442 1875 Evasium
466 1813 512 1874 rei
536 1835 656 1898 poenas
679 1813 846 1898 legemque
870 1813 1043 1899 putabunt:

288 1917 416 2002 Omnia,
440 1918 595 2004 quioquid
620 1920 673 1982 ait.
697 1920 826 2005 plaoido
850 1921 897 1984 uie
921 1943 976 1984 ore
1000 1920 1162 2007 paefatam

288 2027 376 2089 Leno
399 2025 470 2090 fluit
493 2048 620 2111 sempor
643 2026 708 2090 leni
732 2025 772 2089 do
795 2038 924 2112 pectore
948 2049 1052 2091 sermo

290 2134 482 2220 Erumpens.
513 2133 681 2211 Quantum
705 2133 827 2196 furiosa
851 2134 973 2198 feroeia
996 2134 1109 2218 noaeit,

205 2262 254 2304 ao.
286 2239 346 2304 Ille
369 2240 464 2304 hilari
489 2242 592 2305 vineit
615 2240 708 2305 vultu
734 2242 904 2327 verbisque
929 2243 1086 2326 benignita

291 2349 389 2412 Hune
414 2359 539 2433 raptum
564 2349 658 2412 terrio
683 2348 823 2431 voluisti,
847 2351 985 2434 pessime
1010 2361 1109 2435 vates,

290 2454 439 2520 Crudelis
463 2466 562 2539 vatmu
588 2454 728 2519 erudelis
752 2466 783 2519 et
806 2457 904 2541 impie
929 2457 1041 2521 vates?

380 2564 468 2626 Aut¹
493 2562 625 2626 voluisti
649 2572 782 2625 amens?
807 2563 936 2626 voluisti
962 2585 1003 2626 an
1028 2561 1154 2628 seilicet
1177 2562 1266 2645 iliud,

292 2669 421 2733 Iniussu
446 2692 486 2731 no
510 2669 639 2754 quamdo
663 2680 718 2733 tuo
743 2669 888 2734 diseedat
912 2670 953 2733 ab
978 2670 1057 2734 urbe

208 2797 255 2839 75.
288 2776 437 2861 Optimus
462 2777 617 2839 antistes?
641 2777 764 2841 sinete
788 2799 852 2840 non
876 2779 989 2841 efferat
1011 2778 1088 2841 aula

291 2883 351 2947 Ille
376 2882 510 2969 podem?
535 2895 599 2946 tua.
623 2885 683 2959 viu,
708 2895 814 2947 servet
837 2884 966 2949 deoreta
990 2895 1126 2970 tuosque

291 2991 407 3054 Nutun
430 3014 509 3075 apios
535 3014 639 3053 uranus
663 2992 760 3053 mutis
785 2992 930 3054 mentiris
954 2991 995 3054 ab
1019 2993 1137 3055 astris?

290 3097 421 3164 Seilieet
444 3097 503 3159 hoe
530 3098 629 3160 fauiat
653 3109 822 3183 servetque
846 3097 977 3161 Polonia
1002 3101 1091 3163 tota?

291 3205 475 3268 Panno-mm
499 3227 610 3290 nuper,
635 3217 781 3268 saturum
805 3229 864 3270 neu·
890 3205 1034 3291 pultibus
1059 3207 1142 3290 udis,

207 3334 257 3376 eo,
289 3311 418 3374 Audite.
443 3339 460 3368 o
485 3333 643 3396 proeeres,
667 3335 707 3375 ex
732 3313 828 3375 antris
853 3312 917 3375 fata
944 3312 1141 3397 loquentem!

290 3418 417 3496 Parete3
442 3417 529 3481 illius
554 3418 647 3482 vobis
671 3418 799 3482 decreta
827 3420 945 3483 semitis

290 3524 407 3589 Omnia
433 3537 501 3588 tuta
526 3525 652 3608 eadent,
678 3527 807 3590 fortuna
832 3526 964 3590 aeeedet
989 3537 1020 3589 et
1044 3528 1130 3591 anni.

291 3630 384 3695 Illius
410 3655 502 3695 nemo
527 3634 652 3696 iniussu
676 3657 823 3718 gressum
847 3636 960 3697 efferat
984 3634 1073 3705 urbe,

277 3739 392 3801 'Nemo
417 3738 519 3802 domo.
544 3762 638 3803 nenio
662 3741 720 3804 hoe
746 3741 878 3804 madeus.
902 3764 995 3804 nemo
1020 3741 1150 3807 inchoet
1173 3741 1270 3808 illud?

208 3870 255 3911 55.
288 3847 365 3911 Sive
389 3869 490 3908 nomm
515 3848 651 3931 seindat,
676 3851 745 3912 sive
769 3849 882 3912 induat
906 3848 960 3913 ille
984 3848 1143 3934 laoernaS,

291 3955 385 4015 Astra
413 3954 552 4017 videnda
579 3957 688 4040 parius?
721 3956 772 4018 Nil
798 3979 862 4018 non
887 3956 1098 4020 suadentibus
1122 3959 1218 4022 astris

290 4061 496 4125 Tentandum
522 4075 569 4125 est
593 4062 737 4126 homini?
768 4064 901 4127 Dietent
925 4064 988 4127 nisi
1012 4062 1128 4148 sidera,
1154 4086 1246 4129 nemo

291 4169 410 4253 Carpat
437 4170 496 4233 iter
520 4193 709 4253 gresemuve
734 4195 789 4234 sua
815 4182 906 4233 extra
932 4170 1044 4234 limina
1069 4172 1204 4236 tendat?

294 4509 301 4536 ¹
321 4510 365 4560 Sic
384 4527 430 4574 pro
450 4524 528 4561 ..an··.
