3016 5310
549 484 706 520 Pllssss'l'lo.

48 683 285 748 obtrectantem
317 683 477 747 acerrime
506 679 681 763 invehitur,
712 681 877 766 egregiam
909 679 980 744 ciris
1011 679 1132 744 famam
1162 683 1196 746 ia

50 791 241 854 memoriam
265 809 426 854 revocans
449 786 557 873 gentis
579 786 715 873 polonae
735 789 877 851 amicum
893 808 968 852 eum
985 785 1065 852 dicit
1080 788 1198 854 sdicit-

53 918 110 982 qoe
133 897 337 983 superiorem
361 918 434 960 eum
451 917 531 978 esse,
555 917 652 980 quam
669 895 721 959 oui
739 893 923 959 calumniae
939 915 1056 960 nocere
1072 896 1199 981 possint

57 1004 199 1084 (Tricesii
230 1002 397 1069 Silvarum
430 1002 486 1067 lib.
509 1002 604 1086 VIII,
633 1002 728 1067 Orac.
755 1003 861 1082 1568).
901 1001 976 1066 Alio
1007 1002 1078 1067 Ioco
1109 1003 1196 1067 idem

57 1109 215 1176 Tricesius
240 1110 386 1174 studium
409 1118 505 1197 atquc
530 1130 673 1173 amorem
698 1131 793 1173 sunm
817 1110 847 1173 ei
870 1111 1039 1196 profitetur
1053 1110 1105 1176 bis
1121 1135 1196 1176 ver·

61 1217 103 1281 bis
124 1217 250 1304 (Epigr.
274 1215 329 1282 lib.
354 1216 397 1293 ΙΙ,
420 1216 513 1284 Orac.
540 1217 651 1298 loom:

267 1345 315 1393 Vir
333 1344 481 1394 clarissime
500 1350 528 1392 et
546 1343 720 1408 undecunque
740 1344 834 1397 amice.

266 1434 404 1483 Musarum
421 1431 503 1483 decus
521 1431 728 1497 elegantiarum:

267 1523 326 1573 Hoc
344 1537 406 1572 cum
426 1531 543 1587 tempore
562 1537 641 1586 saepe
660 1522 815 1586 cogitarem,

269 1610 412 1661 Donandus
431 1611 480 1660 tibi
500 1611 545 1676 qui
565 1611 671 1660 libellus
691 1619 768 1676 esset,

267 1701 325 1750 Non
345 1699 415 1750 alter
433 1698 498 1748 mihi
519 1700 591 1749 risus
610 1700 680 1750 inter
699 1716 798 1762 omnes,

267 1790 318 1852 Qui
338 1796 364 1838 te
382 1788 489 1856 dignior
508 1795 577 1839 esset
596 1797 676 1854 atque
695 1804 821 1852 praesen.-

267 1880 344 1930 Vatis
363 1876 480 1929 Maeonii
499 1894 604 1928 sacrum
624 1894 726 1944 poema,

267 1969 319 2031 Qui
339 1975 431 2018 vatum
449 1975 526 2033 pater
545 1975 624 2031 atque
644 1970 703 2017 lons
722 1969 846 2033 perennis

267 2059 365 2123 blegne
383 2057 482 2107 dIcitnr
501 2057 618 2107 omnium
638 2057 742 2106 lavore:

267 2147 423 2213 Exemplum
442 2147 500 2202 tibi,
521 2146 589 2212 quod
609 2148 736 2211 sequarIs.
755 2155 785 2196 ut
804 2147 848 2209 sit,

266 2235 378 2299 Quando
397 2236 558 2287 sarmaticae
578 2245 689 2286 cruenta
707 2237 795 2300 gentis

266 2326 364 2391 Magno
382 2332 489 2390 pectore
508 2324 580 2374 bella
598 2325 745 2387 damnabis,

267 2416 302 2463 Et
319 2414 483 2464 deformibus
502 2429 579 2464 erues
599 2415 714 2463 tenebris

267 2503 370 2553 Nomen
391 2503 552 2554 Lochiacnrn
570 2503 704 2567 ducesque
722 2505 829 2568 primos.

267 2593 338 2657 Ergo
357 2594 443 2644 fronto
463 2592 543 2643 hilari
563 2609 629 2657 cape
648 2592 718 2644 hunc
738 2592 867 2656 libellum,

269 2682 304 2732 Ut
323 2682 358 2731 sit
377 2682 488 2732 Tricesii
509 2682 546 2731 tui
566 2681 673 2741 sodalis,

268 2771 319 2834 Qui
339 2777 364 2820 te
384 2771 422 2821 sic
441 2780 523 2833 amat,
544 2779 573 2820 nt
592 2787 652 2820 suos
672 2770 778 2833 ocellos,

267 2861 383 2925 Tempus
402 2876 590 2925 mnemosynon
611 2859 660 2910 tibi
680 2876 726 2924 per
744 2874 834 2909 omne:

268 2950 320 2999 Seu
338 2956 368 2998 tu
387 2949 551 3014 hyperboreo
571 2949 620 2998 sub
640 2964 690 3000 axe
710 2950 792 3011 vives,

268 3040 321 3088 Seu
339 3038 405 3090 fines
424 3039 504 3104 patrii
523 3039 595 3089 coles
615 3040 693 3088 Iberi.

269 3128 313 3179 Sic
333 3143 427 3178 venam
450 3128 499 3178 tibi
517 3129 665 3178 catulinum
685 3144 829 3193 perennem

269 3218 341 3267 Dent
359 3217 480 3267 Phoebus
499 3223 576 3281 pater
595 3224 622 3266 et
640 3233 735 3266 novem
755 3233 864 3279 sorores,

269 3305 312 3355 Sic
331 3302 447 3355 blandae
467 3304 589 3355 Charites
609 3306 751 3370 Venusque
770 3307 833 3355 diva

269 3395 394 3459 aspirent
414 3393 463 3443 ubi
482 3395 593 3458 gratias,
614 3394 715 3458 lepores

269 3483 475 3548 Immortaleque
493 3483 643 3548 largiantur
663 3500 766 3546 aarum,

268 3571 317 3623 Vir
336 3571 484 3623 clarissime
503 3581 529 3622 et
546 3573 723 3637 undecunque
742 3574 835 3623 annes.

64 3679 224 3746 Laudibus
248 3679 432 3766 praecipuis
455 3679 548 3743 eiicrt
569 3702 644 3743 eum
668 3681 765 3743 etiam
786 3677 942 3743 Nicolaus
958 3679 1069 3768 Rcyus
1086 3680 1198 3765 singu-

63 3784 113 3852 lari
137 3786 285 3853 carmine
308 3785 349 3851 de
372 3806 410 3850 co
434 3786 610 3872 composito
641 3787 876 3874 (Zwierzynicc
901 3786 952 3851 ed.
976 3784 1197 3850 Brucbnalski

62 3916 105 3981 pg.
129 3897 222 3977 lbdlt
252 3892 346 3957 illum
370 3892 457 3956 limis
480 3894 612 3978 quidem
635 3916 706 3958 esse
729 3895 841 3978 oculis,
873 3895 928 3959 sed
961 3905 1068 3958 mente
1099 3904 1198 3978 reeta,

62 4001 238 4088 multosque
261 4022 303 4065 ex
326 4000 422 4065 Italia
445 4001 686 4087 Germaniaque
709 4001 854 4066 advenas
878 4002 911 4063 in
934 3999 1070 4064 Polonia
1094 4001 1198 4064 virtu-

61 4109 141 4175 tibus
164 4129 320 4195 snperare
342 4118 375 4172 et
397 4106 498 4172 veluti
519 4119 631 4171 natum
648 4107 806 4172 Polouum
822 4107 857 4170 id
873 4107 1076 4192 potissimum
1093 4129 1200 4193 ogere,

63 4228 91 4281 ut
112 4216 228 4282 Poloni
252 4216 402 4280 omnibns
426 4214 520 4278 bonis
544 4215 668 4278 artibus
697 4224 903 4279 exomentur.
942 4213 1054 4298 Neque
1078 4212 1200 4299 dubito,

61 4326 133 4410 quin
156 4321 262 4387 multa
285 4321 351 4385 alia
366 4319 549 4408 aequalium
567 4322 809 4409 amicorumque
827 4320 1003 4384 honorilice
1020 4320 1060 4384 de
1076 4320 1200 4408 Royzio

63 4432 241 4496 mononis
262 4430 298 4493 in
321 4427 428 4495 lucem
451 4429 556 4514 promi
580 4431 711 4514 possint,
736 4433 793 4495 vix
814 4440 923 4493 tanuen
939 4428 1109 4513 quisquam
1126 4449 1201 4512 pro·

65 4539 166 4606 tulerit
189 4535 362 4622 ampliora,
385 4558 482 4622 quam
506 4557 589 4622 qnae
612 4549 643 4602 ct
667 4537 767 4601 latina
792 4549 823 4601 et
847 4534 964 4624 polens
987 4533 1099 4618 lingua
1123 4554 1200 4597 con-

161 4651 276 4692 Csrmlnu.
292 4652 318 4691 Τ.
334 4652 354 4691 l.
1057 4641 1095 4690 IV
