3016 5310
375 454 497 496 numius
517 456 643 496 susannis
663 458 689 494 ns
708 459 759 495 orn.
778 458 929 495 srcrsunuor
949 460 966 495 r.
1182 441 1240 506 101

147 733 150 737 ,
174 710 178 715 .
209 659 377 745 Apparent
401 655 530 721 deeora:
555 667 603 719 est
626 656 735 719 vultus
759 666 824 719 toto
849 678 945 740 aeger
967 656 999 718 in
1025 654 1101 738 orbe

209 765 398 841 Saunat-ico,
422 766 454 827 in
480 774 569 826 tamo
592 774 623 828 et
648 764 747 828 tricies
771 763 955 826 tristissima
978 763 1077 827 luetu.

149 896 175 937 0.
208 872 279 936 Flet
303 870 404 958 plebs,
427 871 481 934 {let
505 872 599 949 eivis3
623 871 676 934 tlet
701 892 810 957 eqnes3
835 871 887 933 flet
912 881 942 933 et
967 871 1034 955 ipse
1059 881 1203 950 senatus3

210 979 283 1044 Flet
305 980 418 1065 regina
443 980 563 1055 virum3
587 978 639 1042 tlet
663 990 772 1041 castus
795 977 924 1064 praesul
948 976 988 1040 sd
1013 999 1094 1040 aras.

209 1085 329 1153 Omnia
342 1096 417 1150 sunt
429 1086 536 1149 luctus
553 1086 704 1149 lacrimae
723 1084 864 1171 undiquc
882 1095 912 1148 et
930 1084 1072 1171 undique
1084 1083 1243 1171 planetus.

209 1194 239 1258 It
264 1194 396 1258 flentum
422 1193 485 1257 late
509 1193 598 1257 ‹enh›
623 1192 796 1256 illaetabile
820 1214 974 1277 murmur,

210 1300 322 1365 Fletus
347 1300 466 1387 ubique
490 1310 582 1363 senat
606 1300 777 1385 luctusque
801 1298 932 1362 cruditur
956 1297 1084 1384 ubique.

151 1430 176 1471 s.
206 1408 277 1492 Ast,
298 1409 457 1493 Auguste,
481 1420 554 1473 tuas
578 1406 720 1470 nnmlum
745 1430 810 1469 vox
833 1407 934 1469 tristis
958 1404 1000 1468 ad
1023 1428 1117 1469 aures

209 1514 396 1601 Nuntiaquc
420 1515 571 1579 exstincti
597 1515 742 1600 pervenit
766 1514 853 1576 timis
875 1513 1030 1598 parentis:

209 1622 440 1708 Longinquum
463 1634 494 1685 te
518 1621 581 1684 aliu
606 1622 756 1684 Lituania
782 1619 950 1683 submovet
974 1618 1058 1683 erbe.

210 1730 364 1815 Ignorare
388 1728 443 1792 diu
469 1729 526 1793 sal
549 1740 579 1792 te
603 1740 658 1791 tua
684 1728 818 1792 vulnera
843 1726 970 1813 praesul

211 1835 309 1900 Haud
334 1859 448 1923 passus
472 1837 553 1922 pius,
577 1837 728 1900 (exstincti
753 1835 811 1899 tibi
836 1835 950 1899 funera
973 1834 1073 1920 patris

152 1966 176 2007 o.
207 1942 273 2023 Qui
296 1944 423 2028 referat,
447 1943 653 2030 lacrimisque
680 1942 813 2006 madens
836 1964 995 2028 aegerque
1019 1940 1127 2004 dolore

209 2051 277 2113 Vix
301 2050 387 2113 fatus
412 2051 541 2115 Samuel
556 2055 573 2115 ¹.
598 2073 695 2113 eursu
721 2049 809 2113 iubet
832 2050 878 2112 ire
903 2050 1009 2113 citato.

209 2157 352 2221 Nuntius
376 2158 403 2220 is
427 2159 539 2222 maesti
565 2159 629 2222 fers
653 2169 683 2221 et
708 2157 821 2220 solatia
846 2180 949 2239 rasus,

208 2264 406 2349 Prere111bi2,
430 2266 542 2352 primis
566 2288 658 2351 qumn
686 2266 788 2327 virtus
811 2262 927 2326 extulit
950 2263 1044 2326 annis

209 2374 295 2437 Ante
318 2372 424 2458 pilos³
446 2383 476 2435 et
501 2395 582 2458 qnae
609 2373 697 2434 venit
721 2371 892 2457 prudentia
916 2391 1065 2458 praecox.

151 2503 174 2544 ὁ.
294 2478 429 2545 Cassum
454 2481 560 2543 anima
587 2480 687 2543 multo
713 2481 832 2543 interea
856 2479 943 2541 lavat
971 2476 1073 2541 imbre
1097 2475 1245 2558 emlaver,

209 2586 431 2674 Perselritque
456 2589 507 2673 pie
532 2588 597 2670 regi
623 2587 737 2650 (lecara
765 2587 877 2650 ultima
901 2587 986 2649 vitae

209 2693 353 2759 Praesul.
376 2708 407 2758 et
431 2707 568 2778 augusto
593 2718 701 2757 sacras
726 2694 766 2757 de
791 2717 877 2757 more
901 2693 1057 2775 lacernas,

209 2803 290 2866 Arte
313 2801 474 2865 laboratas
499 2815 604 2866 vestes
628 2825 769 2888 riuroque
793 2803 933 2886 rigentes

211 2909 356 2983 Inducit;
380 2923 541 2996 sceptrum
567 2909 707 2984 dextrae,
732 2909 842 2971 laevae
866 2908 977 2970 inserit
1004 2905 1122 2987 orbem,

151 3038 176 3079 o.
208 3017 251 3080 Fa
274 3017 371 3102 eripiti
397 3018 530 3103 inqmnit
555 3039 726 3101 regnorum
751 3016 877 3098 insigne
902 3035 1062 3077 eoronam.

210 3123 427 3209 Accingitque
451 3124 543 3187 latus.
568 3123 729 3209 querulam
754 3146 813 3186 eeu
837 3122 969 3202 sineret,
993 3120 1104 3199 armis3

210 3231 388 3295 Examines
412 3244 500 3293 artus
524 3230 727 3317 stimulisque
751 3229 888 3292 armavit
912 3228 1025 3303 acutis,

210 3337 342 3403 Calcem
366 3350 537 3424 utrumque
561 3350 688 3423 rqrtans3
713 3337 861 3422 divisque
884 3337 918 3398 in
943 3344 1018 3397 vota
1041 3332 1163 3396 vocatis

210 3446 352 3509 Aeterna
376 3467 492 3531 (eorpus
517 3445 623 3527 regale
649 3445 792 3508 recondit
814 3445 848 3506 in
874 3465 963 3506 urna.

149 3573 174 3616 5.
297 3551 453 3636 Tandenq
477 3553 633 3632 Auguste.
657 3565 729 3614 tuas
752 3549 897 3637 percellit
921 3549 1054 3611 nuntius
1078 3566 1184 3625 aures3

210 3660 281 3723 Iam
305 3670 360 3722 tna
384 3659 533 3722 lamentis
557 3659 708 3744 impletur
732 3659 832 3741 regia:
859 3679 965 3742 regem

209 3767 281 3831 Rex
304 3765 406 3852 luges,
430 3769 593 3853 patrisque
618 3767 733 3830 eliseus
763 3766 819 3829 tles
843 3766 957 3827 funera
981 3772 1085 3826 nutus.

211 3872 310 3937 Vilns
334 3876 438 3937 omnis
462 3885 568 3938 tecum
593 3886 688 3960 atque
712 3873 816 3936 omnis
840 3870 992 3935 Litnania
1016 3881 1122 3933 tecum

208 3980 249 4044 In
272 3980 424 4044 lacrimas
449 3982 472 4043 it
496 3982 569 4044 fusa
590 3981 715 4066 cietque
740 3978 917 4042 ululatibus
941 3999 1044 4039 aurias.

213 4175 220 4204 ¹
241 4177 432 4241 traniensem,
454 4186 509 4226 turn
529 4177 667 4242 spiscopus
687 4175 875 4225 cracoviensis.

210 4263 353 4317 ¹loannes
372 4266 571 4319 l’rzorsnrbski,
601 4273 655 4315 turn
686 4264 852 4330 praepositus
875 4262 1063 4322 cracoviensis,
1092 4260 1135 4326 qni
1155 4265 1249 4324 postes

144 4355 340 4408 :cancellarius
360 4355 444 4420 regni,
463 4355 495 4404 ad
516 4362 660 4405 extromum
680 4353 896 4418 archiepiscopus
918 4351 1073 4418 gnesnensis
1094 4351 1152 4401 suit.
1172 4346 1247 4415 (Ger-

143 4445 185 4509 eki,
206 4445 309 4509 Dziejs;
327 4444 426 4505 Sanok,
449 4443 525 4505 lsai),
546 4461 587 4508 pg.
612 4443 645 4505 ll.

211 4532 273 4585 'Sc
301 4549 442 4604 praecoces
462 4535 518 4585 sive
538 4548 627 4585 curres.
