3016 5310
610 460 738 498 t‘ozrrrrrtx
756 462 888 496 saburra.

180 545 448 554 ———---—-
457 542 560 551 -..-—
571 543 619 550 -.-
632 543 655 549 ..η
667 542 804 549 ..—

183 679 251 722 are.
286 657 384 720 Nonl
407 656 565 720 damnosa
589 676 682 719 sacra
704 655 843 719 iaciatur
864 664 985 719 tessera
1008 654 1129 738 dextra,

286 763 379 828 Neve
401 761 540 827 adversa
563 762 638 826 cani
661 760 788 849 placeat
810 782 915 825 venus
937 761 1148 848 impormissa7

286 870 362 934 Non
384 869 486 933 minio
509 868 640 955 depicta
663 891 721 932 suo
745 889 820 933 curn
843 890 920 954 rege
942 867 1126 933 inventust

287 975 437 1042 Reticulo
460 975 593 1063 pulsare
613 974 715 1063 pilam
737 997 844 1040 vacua
866 975 949 1039 atria
972 976 1097 1040 circum

289 1083 339 1149 Sit
361 1082 421 1168 fas,
445 1094 477 1148 et
500 1081 589 1147 buxo
612 1082 705 1147 fictos
728 1083 928 1147 committere
950 1104 1057 1168 reges3

184 1212 252 1255 sao.
287 1190 386 1255 Nunc
408 1189 551 1276 peditem
574 1189 699 1273 dextra,
723 1210 812 1253 nunc
835 1187 1106 1275 cornipedemque
1129 1188 1223 1274 ciere,

288 1295 505 1383 Obliquisque
528 1296 632 1361 aciem
654 1295 788 1361 turbare
809 1294 984 1359 insultibus
1008 1317 1145 1361 omnem.

377 1403 440 1467 His
464 1402 562 1468 rebus
587 1403 650 1467 sibi
673 1412 805 1488 quaerat
835 1424 917 1488 opus
943 1401 1093 1488 maleque
1118 1402 1184 1466 otia
1204 1402 1324 1468 vincat

288 1511 362 1576 Hae
385 1511 413 1574 ei
436 1530 503 1574 non
525 1509 689 1594 succedat,
712 1531 806 1596 opem
828 1530 924 1596 prece
946 1518 1059 1596 poscat
1081 1509 1205 1591 Iesum3

286 1616 409 1682 Audiet
433 1616 488 1681 ille
512 1616 658 1703 feretque
680 1616 797 1681 animis
821 1615 936 1680 solatia
959 1614 1064 1680 fessis.

181 1745 253 1788 aas.
288 1722 425 1788 Talibus
449 1723 582 1788 auxiliis
604 1725 705 1789 menti
729 1744 805 1788 caro
829 1724 947 1788 serviet
970 1744 1077 1808 aegra,

287 1830 332 1894 Et
356 1829 507 1896 dominae
530 1831 690 1917 impositis
713 1829 839 1917 parebit
862 1830 950 1895 victa
974 1829 1132 1916 capistris.

288 1937 439 2024 Hospitio
462 1938 584 2003 mensis
607 1936 683 2003 dein
707 1935 889 2023 indulgebit
912 1938 1038 2002 onustis

287 2043 443 2130 Antiates,
466 2044 622 2130 largaque
644 2066 744 2108 manu
768 2044 927 2109 saturabit
950 2066 1068 2130 egenos

287 2149 476 2238 ancosque
499 2150 696 2237 claudosque
719 2161 750 2216 et
773 2150 858 2237 quod
883 2150 1066 2216 miserabile
1089 2151 1124 2214 in
1147 2150 1224 2215 orbe

181 2277 252 2320 sao.
287 2257 460 2323 Praeterea
483 2269 540 2323 est.
565 2259 650 2322 Nam
673 2257 831 2323 divitibus
853 2258 932 2345 quid
955 2258 1100 2344 porrigat
1123 2257 1237 2322 escas?

286 2364 431 2429 Prandia
454 2365 533 2452 quid
557 2376 660 2430 struat
682 2365 733 2429 his
757 2364 857 2430 solem
879 2365 991 2429 visura
1014 2364 1184 2429 cadentem

287 2470 331 2535 Et
354 2471 464 2537 stellas
486 2472 639 2537 habitura
662 2473 764 2536 suas?
798 2473 889 2537 Mare
913 2472 1031 2558 cogitet
1054 2470 1143 2535 idern

287 2579 395 2644 Amne
418 2601 538 2666 augere
561 2602 620 2644 suo
642 2580 782 2644 multum
805 2579 988 2644 sitientibus
1012 2580 1112 2664 agris!

378 2686 551 2751 Praeterea
574 2687 709 2750 antistes
731 2685 789 2749 bili
814 2686 998 2750 dominetur
1020 2698 1051 2750 ct
1074 2686 1151 2750 irae.

179 2813 252 2856 aas.
288 2791 429 2857 Vibrare
452 2792 625 2880 indignum
649 2793 770 2856 furiata
791 2791 929 2857 verbera
952 2792 1067 2857 dextra

287 2899 479 2964 Pontificem
503 2921 662 2987 saevoque
685 2922 801 2964 manus
825 2920 950 2963 armare
972 2897 1109 2985 flagello.

287 3005 382 3069 Mitia
404 3005 504 3070 corda
527 3017 627 3092 gerat,
651 3008 693 3070 sit
715 3027 849 3093 parcere
871 3006 975 3070 multa
997 3016 1143 3092 patritus:

286 3112 398 3176 Parcit
421 3113 525 3176 multa
547 3112 671 3178 homini
693 3115 785 3179 Deus
809 3114 1032 3200 impunitaque
1055 3109 1183 3199 linquit,

286 3218 357 3284 Noc
379 3220 502 3306 passim
527 3220 604 3285 forti
626 3220 789 3285 iaculatur
811 3220 951 3284 fulmina
973 3221 1090 3285 dextra

180 3346 252 3390 aro.
288 3326 328 3390 In
349 3335 457 3391 sontes
481 3349 641 3414 ausosque
665 3327 770 3392 scelus
793 3338 922 3414 patrare
943 3327 1152 3392 nefandum³.

287 3432 457 3519 Castigare
480 3444 589 3499 tamen
613 3454 718 3499 mores
741 3436 906 3521 uitamque
929 3443 1089 3499 memento

286 3539 521 3629 Presbyterum
545 3551 576 3605 et
600 3551 719 3626 coctus,
741 3540 859 3627 populo
883 3542 939 3627 qui
963 3561 1056 3606 sacra
1079 3541 1241 3605 ministrat

287 3646 439 3733 Turaque
462 3647 537 3712 Diis
562 3647 669 3712 adolet
691 3649 885 3735 meritosque
908 3647 1053 3712 incendit
1074 3647 1222 3712 honores.

287 3751 377 3831 Quos
400 3754 585 3841 inculpatos
607 3753 712 3842 plebis
735 3754 828 3820 decet
852 3778 922 3820 esse
944 3756 1125 3840 magistros,

287 3983 297 4014 ¹
316 3986 395 4037 Corn.
414 3984 499 4037 habet
519 3987 616 4048 „Nec“.

286 4073 297 4105 ²
316 4074 489 4125 'fabellarum
509 4074 641 4141 pictarum
660 4075 717 4126 sire
730 4072 884 4125 chartarum
898 4072 1000 4139 (karty)
1013 4071 1114 4138 ludum,
1133 4074 1179 4139 qui
1194 4089 1323 4124 unacum

179 4165 238 4217 alea
257 4180 386 4231 persaepe
405 4165 488 4215 etiam
507 4164 666 4229 synodorum
686 4165 930 4215 ecclesiasticarum
955 4164 1062 4230 placitis
1087 4164 1252 4229 improbatus
1275 4169 1326 4225 eet,

181 4262 366 4305 anostrorum
386 4261 475 4303 tamen
496 4259 642 4318 temporum
662 4254 765 4303 ratione
790 4261 817 4303 et
841 4253 995 4303 chartarum
1020 4253 1109 4318 specie
1135 4259 1162 4302 et
1186 4253 1243 4317 ipro
1267 4250 1324 4301 ludi

181 4359 275 4408 genere
294 4341 464 4408 aliquantum
482 4342 632 4405 differebat,
650 4341 701 4392 hoc
719 4342 778 4392 loco
799 4342 894 4408 tangit.

288 4427 350 4489 'ln
368 4430 410 4481 his
429 4438 557 4496 quattuor
575 4431 695 4481 versibus
716 4446 797 4480 manu
822 4431 914 4495 scripti
933 4430 996 4481 libri
1016 4439 1071 4481 tam
1096 4430 1165 4480 falso
1188 4431 1324 4496 interpun-

181 4527 254 4587 gunt,
272 4526 305 4572 nt
323 4535 340 4570 a
359 4520 453 4585 Royaii
473 4535 554 4570 manu
574 4535 627 4569 non
646 4534 704 4569 esre
722 4520 858 4570 consector
877 4518 920 4571 vel
938 4519 1000 4570 inde
1019 4519 1133 4571 eluceat.

1169 4607 1218 4659 10*
