3016 5310
287 463 409 512 ixxvtu
785 475 941 509 saturano.

292 670 380 733 niam
405 668 589 754 relinquens
613 668 744 733 videtur
776 669 945 754 scripsisse
968 669 1204 754 epigrammata
1227 666 1293 750 illa,
1316 666 1441 752 quibus

291 775 452 842 Cracovia
475 775 617 839 violenta
641 799 675 839 se
698 787 773 839 ante
797 775 882 839 diem
908 775 1023 840 cedere
1047 775 1176 858 fatetur,
1208 797 1247 839 ne
1272 775 1305 837 in
1330 772 1440 861 epulis

292 883 646 968 compotationibusque
670 884 773 946 vitem
798 884 901 968 ipsam
925 883 1052 945 amittat
1077 882 1132 964 (II,
1156 884 1243 964 264).

533 1253 569 1311 ΙΙΙ
598 1254 642 1311 De
663 1252 770 1323 uoyzu
792 1252 861 1310 vita
881 1252 913 1309 tu
937 1251 1083 1310 Lituaula
1106 1255 1190 1310 acta.

399 1415 637 1479 Iurisdiotionis
663 1417 694 1478 in
718 1414 853 1478 Polonia
869 1438 906 1479 ea
922 1427 991 1479 erat
1007 1425 1075 1478 tum
1093 1416 1185 1498 ratio,
1208 1428 1244 1478 ut
1260 1438 1279 1477 a
1295 1414 1440 1479 decretis

290 1521 437 1586 iudicum
462 1521 664 1608 singulorum
689 1523 780 1607 regni
805 1521 950 1586 locorum
975 1523 1188 1606 regionumve
1215 1521 1256 1585 ad
1273 1523 1361 1607 regis
1379 1523 1441 1585 tri-

291 1627 390 1692 bunal
404 1651 572 1692 recurrere
584 1628 705 1692 liceret.
718 1630 1014 1712 Distinguebantur
1026 1638 1133 1692 autem
1147 1650 1265 1693 causae
1277 1627 1440 1693 nobilium

289 1747 386 1820 atque
413 1737 622 1815 urbanorum,
649 1736 719 1799 iure
744 1735 819 1799 illae
836 1735 1012 1800 domestico
1029 1735 1215 1821 gentilique,
1246 1734 1308 1798 hae
1333 1746 1440 1799 teuto-

291 1842 366 1905 nico
379 1842 603 1906 censebantur.
620 1841 770 1907 Ceterum
785 1843 818 1905 in
831 1843 973 1926 Prassia,
991 1864 1103 1927 regum
1116 1841 1307 1927 polonorum
1320 1840 1439 1904 ditioni

291 1948 446 2032 subiecta,
469 1952 566 2013 etiam
590 1949 714 2013 nobiles
739 1949 913 2012 utebantur
936 1951 1005 2013 iure
1023 1950 1192 2031 teutonico,
1217 1949 1268 2011 cui
1287 1950 1347 2013 sub
1361 1971 1438 2013 cru-

291 2056 472 2141 cigerorunr
497 2057 620 2120 ordinis
645 2057 778 2141 imperio
802 2066 1021 2120 assueverant.
1060 2055 1186 2120 Iudicia
1214 2056 1304 2140 regia
1335 2054 1439 2138 vulgo

291 2162 413 2227 iudicia
436 2165 470 2226 in
494 2164 585 2227 curis
609 2163 661 2226 vel
686 2178 755 2248 post
780 2165 904 2226 curiam
937 2162 1137 2244 dicebantur,
1176 2201 1204 2209 -
1244 2162 1351 2225 forum
1377 2185 1439 2225 au-

291 2270 418 2355 gustale
431 2273 500 2334 sive
512 2271 689 2357 palatinum
709 2283 875 2355 nuncupat
891 2271 1042 2356 Royzius.
1060 2269 1288 2355 elegantiorem
1303 2269 1438 2333 dicendi

290 2378 448 2441 rationem
473 2389 612 2442 secutus,
651 2378 699 2440 Ea
723 2376 845 2441 iudicia
869 2376 1108 2440 exercebantur
1136 2377 1169 2438 in
1201 2377 1247 2439 eis
1280 2375 1368 2458 locis,
1402 2377 1437 2439 in

289 2484 410 2568 quibus
435 2506 492 2546 rex
517 2486 585 2570 ipse
609 2483 729 2555 adorat,
754 2506 849 2568 saepe
873 2483 943 2568 ipso
968 2483 1169 2546 comitiorum
1187 2492 1339 2567 ternpore.
1363 2481 1437 2545 Rex

290 2588 464 2654 dirimebat
486 2588 558 2653 lites
583 2588 737 2653 adhibitis
760 2591 792 2652 in
818 2587 989 2652 consilium
1020 2589 1221 2652 senatoribus
1254 2589 1354 2672 regui,
1377 2589 1436 2673 qui

289 2706 360 2760 turn
383 2696 514 2781 quidem
537 2697 577 2758 ad
604 2719 735 2759 manum
760 2696 904 2777 aderant,
936 2697 1029 2780 eique
1054 2708 1217 2760 senatores
1250 2694 1350 2780 vulgo
1381 2717 1437 2758 as-

292 2825 432 2866 sessores
456 2803 667 2877 vocabantur,
696 2802 782 2866 unde
805 2814 836 2865 et
852 2803 974 2867 iudicio
991 2825 1106 2865 nornen
1123 2802 1297 2865 assessorio
1313 2799 1437 2866 adhae-

293 2910 343 2972 sit.
367 2910 498 2972 Praeter
522 2920 686 2972 senatores
711 2910 780 2972 sive
805 2907 1272 2972 consiliarios-adhibebantur
1295 2906 1437 2972 adhaec

292 3014 414 3079 iudicia,
438 3015 519 3078 alter
543 3015 726 3102 supplicum
751 3015 935 3080 libellorum
960 3015 1114 3098 magister
1145 3016 1213 3076 sive
1246 3013 1436 3077 referenda·

291 3123 366 3204 rius,
390 3134 559 3186 accusator
583 3125 653 3186 sive
676 3124 847 3208 instigator
863 3134 895 3186 et
910 3122 1035 3185 iudices
1051 3132 1220 3184 terrestres
1236 3122 1306 3183 eius
1319 3133 1435 3206 terrae,

290 3228 322 3290 in
336 3251 400 3312 qua
412 3229 533 3292 iudicia
545 3254 583 3294 ca
596 3244 665 3293 tum
678 3230 923 3294 exercebantur,
935 3228 1153 3291 Terrestrium
1166 3227 1310 3292 iudicum
1325 3230 1435 3293 loeurn

292 3334 406 3397 urbani
431 3337 572 3399 tenuisse
597 3336 750 3399 videntur
773 3338 806 3398 in
832 3337 938 3398 causis
963 3334 1003 3397 ad
1029 3335 1170 3397 urbanos
1187 3336 1434 3420 pcrtinentibus

290 3439 365 3524 Sed,
398 3453 432 3505 ut
463 3442 559 3506 facile
591 3444 773 3528 suspiceris,
805 3440 999 3527 multiplicia
1032 3442 1123 3526 regni
1159 3443 1289 3526 negotia
1324 3466 1435 3528 regern

290 3547 511 3632 prohibebant,
536 3551 707 3634 quominus
732 3550 799 3634 ipse
823 3550 950 3612 cunctis
975 3549 1044 3612 eius
1069 3547 1155 3611 modi
1187 3550 1434 3633 <paraestiouibus

290 3655 487 3739 praesideret
512 3665 608 3741 atique
632 3655 827 3739 decerneret,
852 3655 938 3719 unde
954 3657 1072 3738 evenit,
1097 3666 1131 3717 ut
1148 3678 1205 3719 rex
1224 3678 1319 3741 saepe
1340 3660 1436 3742 regni

291 3761 521 3825 cancellarium
560 3762 893 3848 procancellariumve
925 3802 966 3809 —
1005 3784 1171 3825 sacrorum
1207 3761 1436 3827 codicillorum

290 3867 564 3953 epistularumque
588 3871 760 3954 magistros
784 3869 965 3956 elegantius
989 3880 1083 3933 vocat
1115 3869 1267 3956 Royzius
1299 3908 1342 3915 —
1378 3884 1436 3935 aut

289 3986 470 4037 senatorem
494 3974 634 4060 aliquem
659 3979 924 4062 praestantiorem
942 4001 999 4040 suo
1021 3977 1150 4040 nornine
1167 3974 1323 4039 tribunali
1341 3999 1435 4062 prae·

289 4103 359 4144 esse
383 4082 496 4167 iusque
520 4082 628 4146 dicero
653 4084 786 4147 iuberet.
825 4085 908 4148 Cum
936 4096 1043 4146 tamon
1076 4106 1095 4145 a
1127 4082 1275 4167 decretis,
1299 4083 1435 4150 absente

290 4209 367 4270 rege
390 4189 539 4273 qiurmvis
560 4190 630 4252 eius
647 4191 776 4253 nomine
793 4189 875 4270 latis,
892 4188 1124 4276 appellationes
1140 4189 1181 4252 ad
1199 4191 1305 4275 ipsum
1322 4213 1433 4275 regem

289 4293 538 4358 admitterentur
562 4298 804 4383 niterenturque
827 4297 960 4370 nobiles,
994 4310 1027 4360 ut
1051 4298 1194 4382 ipsorum
1219 4295 1290 4359 lites
1323 4299 1434 4382 utique

290 4422 309 4462 a
341 4423 417 4486 rege
448 4404 696 4466 aestimarentur
734 4427 773 4467 ac
809 4404 1051 4486 dirimerentur,
1095 4401 1281 4466 ‹salicellarii
1324 4414 1434 4466 autem

289 4506 437 4591 derogari
470 4530 547 4572 suae
575 4511 758 4574 arroteritati
790 4510 914 4574 crebris
946 4508 1217 4595 appellationibus
1242 4531 1261 4570 a
1293 4507 1433 4573 decretis
