3016 5310
515 488 728 524 CHILIAS'HCHON.
1133 471 1196 536 169

63 558 620 566 ——-———-————.-.--.
628 559 674 565 —.
698 559 708 563 -
990 558 1197 565 ——-—

64 573 137 580 --
144 570 414 579 .--
715 572 718 576 -
727 570 1197 578 ——-——.-—-—

159 682 373 769 Ceeropiiqne
393 682 557 746 Draconis
581 704 694 745 amans
716 682 858 767 iustique
882 681 1017 765 Solonis,
1039 716 1045 728 ι

159 789 216 853 Bis
240 810 337 854 senae
359 798 390 854 et
413 787 569 875 quioquid
594 787 759 872 quondam
782 789 929 853 cecinere
951 788 1097 873 tabellae,

157 895 304 982 Indeque
326 916 410 981 qnae
433 904 579 959 nostrum
601 893 775 981 prudentia
797 894 893 959 fluxit
916 894 958 959 ad
981 918 1108 980 aevum,

159 1001 260 1065 Hand
282 1003 419 1088 passuri,
443 1002 553 1066 audax
576 1003 674 1067 iactet
698 1024 757 1065 sua
781 1001 934 1088 dogmata
958 1001 1044 1067 Saxo

53 1130 124 1173 ase.
157 1106 318 1174 Sarmatia
340 1109 374 1172 in
397 1130 517 1194 magna
539 1108 763 1195 praesentibus
786 1107 925 1194 amplius
949 1110 1052 1173 annis.

160 1215 234 1280 Hoc
255 1225 287 1280 et
311 1214 467 1280 Marieius
480 1220 500 1300 ¹,
524 1214 641 1280 studiis
664 1216 802 1301 insignis
825 1214 956 1301 eisdem,

161 1321 235 1401 Quo
257 1320 388 1388 doctore
410 1321 511 1387 bonos
535 1332 620 1387 artes
642 1331 708 1406 tua,
733 1321 890 1407 Sarmata,
913 1322 1016 1408 pubes

160 1429 273 1515 Coepit
295 1438 328 1495 et
349 1429 509 1516 ingenuas
532 1428 628 1493 modo
652 1427 778 1492 discere
800 1427 999 1514 disciplinas,

162 1536 234 1601 Hoc
255 1536 399 1622 sociique
410 1541 430 1620 ²,
454 1534 571 1601 docent
594 1535 649 1621 qui
674 1534 747 1599 urbi
770 1534 847 1599 data
870 1535 943 1600 iura
967 1535 1107 1621 Quirini,

50 1663 124 1708 aro.
160 1642 280 1707 Vanda
303 1642 360 1706 ubi
383 1664 418 1707 se
439 1643 569 1726 victrix,
593 1664 744 1705 verorum
767 1642 882 1727 ignara
905 1642 1059 1727 Deorum,

160 1749 288 1835 Regina
310 1748 435 1834 infelix,
459 1748 499 1813 ob
524 1749 720 1834 virginitatis
743 1747 897 1813 honorem

162 1855 306 1920 Victima
330 1866 476 1921 servatae
499 1855 623 1919 medias
647 1855 765 1920 abiecit
787 1857 822 1920 in
847 1855 960 1920 undas.

250 1963 378 2029 Psonea
400 1963 479 2049 quid
495 1986 514 2025 o
529 1962 663 2047 Thema,
680 1961 759 2046 quid
772 1963 890 2047 Bricci,
906 1962 1063 2049 parvulus
1079 1964 1196 2048 angnia

161 2069 224 2136 Oui
246 2069 302 2134 dat
326 2069 547 2155 cognomen³?
569 2070 703 2133 Vestras
727 2070 885 2134 advertite
909 2080 1041 2154 mentes,

53 2199 127 2241 aas.
163 2175 323 2263 Quodque
346 2177 391 2263 pii
415 2176 506 2241 fertis
530 2198 595 2240 non
618 2176 693 2240 ficto
716 2187 845 2262 pectore
868 2198 998 2261 numen,

161 2284 305 2348 Asserite
328 2294 359 2349 et
383 2283 520 2348 Romam
543 2283 640 2348 dictis
663 2283 823 2348 celebrato
846 2283 1002 2347 faventes.

161 2388 460 2474 Proboseevicius⁴,
484 2392 660 2477 novitque
684 2390 790 2454 sidera
813 2412 908 2454 nemo

161 2496 288 2562 Certius
312 2507 368 2561 aut
391 2497 472 2562 caeli
496 2507 602 2561 motus
624 2507 825 2584 venturaque
848 2497 924 2581 satir,

162 2601 293 2689 Illeqne,
317 2605 371 2668 cui
393 2615 561 2690 praestans
584 2605 728 2668 Armene
752 2602 921 2669 Sebastia⁶
945 2626 1062 2668 nomen

56 2732 127 2774 aso.
164 2708 261 2795 ludit,
284 2710 467 2775 Aristotelis
491 2709 606 2774 studiis
631 2720 726 2796 atquc
750 2710 873 2774 artibus
897 2732 973 2776 acer

162 2816 232 2882 Nee
254 2838 347 2881 sacro
370 2817 478 2880 minus
502 2816 636 2902 eloquio,
660 2856 703 2863 —-
726 2827 758 2880 et
781 2817 961 2882 Boudorius
985 2840 1107 2904 aequus

162 2921 277 2988 Gentis
301 2946 475 3010 amansque
500 2946 577 2987 suae
601 2933 632 2988 et
656 2923 769 3007 cultor,
793 2925 848 3010 qui
872 2935 903 2989 et
927 2923 1044 2988 nobilis
1068 2946 1159 2989 arces

162 3030 340 3096 Oraeoviae
364 3029 405 3094 ad
430 3030 532 3095 celsas
557 3029 675 3116 pubem
699 3030 838 3094 fonnarc
861 3029 1011 3116 polanam

161 3136 297 3201 Artibus
320 3138 471 3222 ingenuis
494 3146 525 3201 et
549 3136 704 3221 religiono
728 3136 845 3220 soletis,

57 3264 126 3306 aas.
162 3241 236 3307 Non
258 3242 318 3307 has
341 3244 375 3308 in
399 3255 506 3330 partes
530 3243 664 3327 abiistis,
689 3265 775 3307 vana
798 3242 917 3330 quibus
940 3265 1021 3328 gens

161 3350 241 3415 Veri
265 3360 360 3436 oapta
383 3350 462 3414 furit
486 3351 667 3436 mentisque
690 3351 811 3413 insanit
834 3372 945 3435 egena,

54 3538 261 3547 ———-

164 3630 172 3660 ¹
192 3633 282 3684 Simon
300 3633 333 3683 de
347 3634 447 3688 Pilsno.
462 3635 595 3699 professor
604 3632 749 3684 rhetorices
763 3633 917 3685 academiae
927 3635 1107 3686 cracoviensis
1120 3635 1198 3685 iuris-

48 3737 104 3788 que
117 3720 229 3788 peritum
249 3724 326 3774 Cous.
345 3724 397 3773 mei
417 3723 488 3785 libri,
507 3740 531 3786 q.
552 3722 568 3772 i.
590 3725 728 3787 Royzynss
748 3740 790 3788 pg.
810 3721 854 3785 54,
873 3723 898 3774 5.

161 3806 248 3864 'scil
267 3827 321 3862 non
340 3820 404 3862 sunt
422 3814 535 3878 passuri.

161 3897 314 3951 'Gerenos
333 3901 454 3951 Briccius
486 3902 542 3952 sive
563 3901 683 3952 Briecius
702 3902 734 3951 de
759 3903 840 3964 Gara,
865 3903 1019 3968 ilungaros,
1042 3902 1196 3954 academiae

46 4005 157 4041 cracov.
178 3989 318 4055 professor.
338 3991 419 4040 Liber
437 3991 511 4055 dilig.
531 4008 574 4055 pg.
593 3989 654 4042 406.

159 4077 171 4107 ⁴
190 4079 285 4130 Petrus
304 4080 541 4142 Proboszczowicz‚
552 4080 706 4131 academiae
719 4080 898 4131 cracoviensis
911 4082 1044 4146 professor
1056 4079 1197 4146 clarusque

50 4166 102 4219 boc
122 4175 241 4233 ternpore
259 4167 418 4234 astrologus.

161 4252 306 4306 “mena
330 4257 387 4308 sive
412 4262 528 4308 Armene
552 4266 611 4308 erat
636 4258 762 4323 oppidum
788 4265 932 4323 portusque
958 4275 1039 4324 prope
1064 4259 1196 4323 Sinopam.

51 4345 102 4397 aad
122 4345 175 4397 hoo
193 4343 252 4396 loco
270 4346 361 4411 agitur
379 4348 467 4412 potius
487 4347 519 4397 de
538 4348 664 4398 Armenia
683 4349 807 4399 Sebastia
832 4349 849 4397 i.
876 4365 898 4399 e.
924 4347 956 4399 de
976 4350 1042 4398 urbe
1061 4347 1197 4397 Armenio·

50 4450 120 4497 rum,
145 4434 286 4485 Armenius
311 4443 401 4486 summ
428 4435 543 4486 mediam
568 4452 582 4486 e
607 4436 690 4487 habet
709 4438 824 4487 brevem.
859 4438 985 4488 Fortasse
1007 4436 1133 4487 Armenia
1156 4442 1198 4487 est

45 4521 225 4574 scribendum
242 4531 271 4574 et
290 4523 375 4575 tribus
395 4524 506 4588 syllabis
519 4525 688 4576 efferendum.
708 4526 840 4589 Ceterum,
853 4541 995 4590 quemnam
1008 4525 1198 4576 Sebastianum
