<?xml version="1.0" encoding="UTF-8"?>
<!DOCTYPE html PUBLIC "-//W3C//DTD XHTML 1.0 Transitional//EN"
    "http://www.w3.org/TR/xhtml1/DTD/xhtml1-transitional.dtd">
<html xmlns="http://www.w3.org/1999/xhtml" xml:lang="en" lang="en">
 <head>
  <title>
</title>
<meta http-equiv="Content-Type" content="text/html;charset=utf-8" />
  <meta name='ocr-system' content='tesseract 3.04.00' />
  <meta name='ocr-capabilities' content='ocr_page ocr_carea ocr_par ocr_line ocrx_word'/>
</head>
<body>
  <div class='ocr_page' id='page_1' title='image "./petriroyziimaur01morogoog_0030.png"; bbox 0 0 3016 5310; ppageno 0'>
   <div class='ocr_carea' id='block_1_1' title="bbox 561 484 716 518">
    <p class='ocr_par' dir='ltr' id='par_1_1' title="bbox 561 484 716 518">
     <span class='ocr_line' id='line_1_1' title="bbox 561 484 716 518; baseline 0 -1"><span class='ocrx_word' id='word_1_1' title='bbox 561 484 716 518; x_wconf 71' lang='lat' dir='ltr'>PRAEFATIO.</span> 
     </span>
    </p>
   </div>
   <div class='ocr_carea' id='block_1_2' title="bbox 51 675 1211 4608">
    <p class='ocr_par' dir='ltr' id='par_1_2' title="bbox 51 675 1210 1722">
     <span class='ocr_line' id='line_1_2' title="bbox 55 675 1210 761; baseline 0.002 -23"><span class='ocrx_word' id='word_1_2' title='bbox 55 675 196 739; x_wconf 88' lang='lat' dir='ltr'>maehos</span> <span class='ocrx_word' id='word_1_3' title='bbox 219 676 413 761; x_wconf 78' lang='lat' dir='ltr'>movissent,</span> <span class='ocrx_word' id='word_1_4' title='bbox 445 677 631 741; x_wconf 84' lang='lat' dir='ltr'>nominibus</span> <span class='ocrx_word' id='word_1_5' title='bbox 655 689 818 742; x_wconf 88' lang='lat' dir='ltr'>tantorum</span> <span class='ocrx_word' id='word_1_6' title='bbox 843 680 988 743; x_wconf 90' lang='lat' dir='ltr'>virorum</span> <span class='ocrx_word' id='word_1_7' title='bbox 1017 678 1058 742; x_wconf 88' lang='lat' dir='ltr'>ab</span> <span class='ocrx_word' id='word_1_8' title='bbox 1084 677 1210 742; x_wconf 90' lang='lat' dir='ltr'>invidia</span> 
     </span>
     <span class='ocr_line' id='line_1_3' title="bbox 57 784 1209 870; baseline 0 -23"><span class='ocrx_word' id='word_1_9' title='bbox 57 792 250 867; x_wconf 82' lang='lat' dir='ltr'>tegerentur</span> <span class='ocrx_word' id='word_1_10' title='bbox 272 793 368 867; x_wconf 90' lang='lat' dir='ltr'>atquc</span> <span class='ocrx_word' id='word_1_11' title='bbox 391 785 426 847; x_wconf 92' lang='lat' dir='ltr'>iu</span> <span class='ocrx_word' id='word_1_12' title='bbox 441 784 610 870; x_wconf 92' lang='lat' dir='ltr'>publicum</span> <span class='ocrx_word' id='word_1_13' title='bbox 627 784 940 849; x_wconf 76' lang='lat' dir='ltr'>commendarentur.</span> <span class='ocrx_word' id='word_1_14' title='bbox 965 784 1083 849; x_wconf 86' lang='lat' dir='ltr'>Libelli</span> <span class='ocrx_word' id='word_1_15' title='bbox 1101 797 1209 849; x_wconf 90' lang='lat' dir='ltr'>tamen</span> 
     </span>
     <span class='ocr_line' id='line_1_4' title="bbox 54 887 1210 976; baseline 0.001 -24"><span class='ocrx_word' id='word_1_16' title='bbox 54 887 109 953; x_wconf 91' lang='lat' dir='ltr'>illi</span> <span class='ocrx_word' id='word_1_17' title='bbox 133 890 223 976; x_wconf 84' lang='lat' dir='ltr'>typis</span> <span class='ocrx_word' id='word_1_18' title='bbox 247 891 358 953; x_wconf 89' lang='lat' dir='ltr'>excusi</span> <span class='ocrx_word' id='word_1_19' title='bbox 383 913 541 955; x_wconf 90' lang='lat' dir='ltr'>essenon</span> <span class='ocrx_word' id='word_1_20' title='bbox 565 890 728 967; x_wconf 75' lang='lat' dir='ltr'>videntur,</span> <span class='ocrx_word' id='word_1_21' title='bbox 761 890 899 955; x_wconf 88' lang='lat' dir='ltr'>fortasse</span> <span class='ocrx_word' id='word_1_22' title='bbox 930 893 1027 956; x_wconf 89' lang='lat' dir='ltr'>etiarn</span> <span class='ocrx_word' id='word_1_23' title='bbox 1055 914 1095 956; x_wconf 88' lang='lat' dir='ltr'>ne</span> <span class='ocrx_word' id='word_1_24' title='bbox 1119 891 1210 954; x_wconf 90' lang='lat' dir='ltr'>missi</span> 
     </span>
     <span class='ocr_line' id='line_1_5' title="bbox 55 995 1209 1083; baseline 0.003 -25"><span class='ocrx_word' id='word_1_25' title='bbox 55 995 194 1082; x_wconf 89' lang='lat' dir='ltr'>quidem</span> <span class='ocrx_word' id='word_1_26' title='bbox 226 1007 301 1058; x_wconf 90' lang='lat' dir='ltr'>sunt</span> <span class='ocrx_word' id='word_1_27' title='bbox 332 996 374 1059; x_wconf 89' lang='lat' dir='ltr'>ad</span> <span class='ocrx_word' id='word_1_28' title='bbox 405 1020 477 1080; x_wconf 90' lang='lat' dir='ltr'>cos,</span> <span class='ocrx_word' id='word_1_29' title='bbox 508 996 626 1082; x_wconf 89' lang='lat' dir='ltr'>quibus</span> <span class='ocrx_word' id='word_1_30' title='bbox 654 998 926 1082; x_wconf 80' lang='lat' dir='ltr'>inscribebantur,</span> <span class='ocrx_word' id='word_1_31' title='bbox 957 1010 1209 1083; x_wconf 77' lang='lat' dir='ltr'>manseruntque</span> 
     </span>
     <span class='ocr_line' id='line_1_6' title="bbox 59 1101 1209 1192; baseline 0.002 -26"><span class='ocrx_word' id='word_1_32' title='bbox 59 1101 167 1166; x_wconf 91' lang='lat' dir='ltr'>solum</span> <span class='ocrx_word' id='word_1_33' title='bbox 192 1103 225 1164; x_wconf 95' lang='lat' dir='ltr'>in</span> <span class='ocrx_word' id='word_1_34' title='bbox 250 1101 342 1167; x_wconf 88' lang='lat' dir='ltr'>libris</span> <span class='ocrx_word' id='word_1_35' title='bbox 366 1105 597 1190; x_wconf 84' lang='lat' dir='ltr'>manuscriptis</span> <span class='ocrx_word' id='word_1_36' title='bbox 621 1106 748 1169; x_wconf 91' lang='lat' dir='ltr'>consilii</span> <span class='ocrx_word' id='word_1_37' title='bbox 774 1107 859 1192; x_wconf 90' lang='lat' dir='ltr'>capti</span> <span class='ocrx_word' id='word_1_38' title='bbox 884 1117 973 1171; x_wconf 90' lang='lat' dir='ltr'>certa</span> <span class='ocrx_word' id='word_1_39' title='bbox 1000 1105 1123 1169; x_wconf 88' lang='lat' dir='ltr'>indicia</span> <span class='ocrx_word' id='word_1_40' title='bbox 1154 1105 1209 1188; x_wconf 83' lang='lat' dir='ltr'>(Il,</span> 
     </span>
     <span class='ocr_line' id='line_1_7' title="bbox 58 1208 1209 1296; baseline 0.002 -24"><span class='ocrx_word' id='word_1_41' title='bbox 58 1209 115 1283; x_wconf 77' lang='lat'>36,</span> <span class='ocrx_word' id='word_1_42' title='bbox 139 1208 215 1272; x_wconf 90' lang='lat' dir='ltr'>adn.</span> <span class='ocrx_word' id='word_1_43' title='bbox 241 1209 504 1292; x_wconf 69' lang='lat' dir='ltr'>1263,adn.3;</span> <span class='ocrx_word' id='word_1_44' title='bbox 531 1213 581 1293; x_wconf 77' lang='lat' dir='ltr'>ll,</span> <span class='ocrx_word' id='word_1_45' title='bbox 606 1211 679 1275; x_wconf 89' lang='lat' dir='ltr'>adn.</span> <span class='ocrx_word' id='word_1_46' title='bbox 705 1216 746 1296; x_wconf 86' lang='lat'>1),</span> <span class='ocrx_word' id='word_1_47' title='bbox 779 1214 890 1276; x_wconf 89' lang='lat' dir='ltr'>omissi</span> <span class='ocrx_word' id='word_1_48' title='bbox 921 1214 1004 1276; x_wconf 92' lang='lat' dir='ltr'>ratio</span> <span class='ocrx_word' id='word_1_49' title='bbox 1027 1211 1113 1295; x_wconf 84' lang='lat' dir='ltr'>latet.</span> <span class='ocrx_word' id='word_1_50' title='bbox 1145 1212 1209 1275; x_wconf 93' lang='lat' dir='ltr'>nisi</span> 
     </span>
     <span class='ocr_line' id='line_1_8' title="bbox 58 1315 1209 1406; baseline 0.003 -28"><span class='ocrx_word' id='word_1_51' title='bbox 58 1315 145 1379; x_wconf 85' lang='lat' dir='ltr'>forte</span> <span class='ocrx_word' id='word_1_52' title='bbox 171 1315 358 1380; x_wconf 85' lang='lat' dir='ltr'>valetudine</span> <span class='ocrx_word' id='word_1_53' title='bbox 390 1317 476 1380; x_wconf 90' lang='lat' dir='ltr'>mala</span> <span class='ocrx_word' id='word_1_54' title='bbox 506 1317 664 1406; x_wconf 83' lang='lat' dir='ltr'>Royaium</span> <span class='ocrx_word' id='word_1_55' title='bbox 700 1320 891 1406; x_wconf 90' lang='lat' dir='ltr'>impeditum</span> <span class='ocrx_word' id='word_1_56' title='bbox 924 1343 994 1384; x_wconf 89' lang='lat' dir='ltr'>esse</span> <span class='ocrx_word' id='word_1_57' title='bbox 1025 1319 1209 1404; x_wconf 88' lang='lat' dir='ltr'>suspiceris.</span> 
     </span>
     <span class='ocr_line' id='line_1_9' title="bbox 57 1422 1209 1513; baseline 0.003 -28"><span class='ocrx_word' id='word_1_58' title='bbox 57 1422 147 1486; x_wconf 86' lang='lat' dir='ltr'>Nam</span> <span class='ocrx_word' id='word_1_59' title='bbox 171 1422 233 1486; x_wconf 91' lang='lat' dir='ltr'>hoc</span> <span class='ocrx_word' id='word_1_60' title='bbox 258 1434 400 1509; x_wconf 88' lang='lat' dir='ltr'>tempore</span> <span class='ocrx_word' id='word_1_61' title='bbox 423 1446 497 1488; x_wconf 90' lang='lat' dir='ltr'>eum</span> <span class='ocrx_word' id='word_1_62' title='bbox 521 1427 633 1491; x_wconf 90' lang='lat' dir='ltr'>morbo</span> <span class='ocrx_word' id='word_1_63' title='bbox 657 1428 751 1511; x_wconf 86' lang='lat' dir='ltr'>gravi</span> <span class='ocrx_word' id='word_1_64' title='bbox 775 1426 969 1513; x_wconf 91' lang='lat' dir='ltr'>implicitum</span> <span class='ocrx_word' id='word_1_65' title='bbox 986 1448 1065 1509; x_wconf 90' lang='lat' dir='ltr'>esse,</span> <span class='ocrx_word' id='word_1_66' title='bbox 1089 1448 1130 1488; x_wconf 83' lang='lat' dir='ltr'>cx</span> <span class='ocrx_word' id='word_1_67' title='bbox 1146 1448 1209 1509; x_wconf 92' lang='lat' dir='ltr'>quo</span> 
     </span>
     <span class='ocr_line' id='line_1_10' title="bbox 55 1529 1208 1617; baseline 0.002 -25"><span class='ocrx_word' id='word_1_68' title='bbox 55 1529 263 1593; x_wconf 87' lang='lat' dir='ltr'>medicorum</span> <span class='ocrx_word' id='word_1_69' title='bbox 286 1552 367 1594; x_wconf 90' lang='lat' dir='ltr'>cura</span> <span class='ocrx_word' id='word_1_70' title='bbox 389 1531 615 1617; x_wconf 87' lang='lat' dir='ltr'>Maceoviique</span> <span class='ocrx_word' id='word_1_71' title='bbox 639 1555 718 1596; x_wconf 91' lang='lat' dir='ltr'>auro</span> <span class='ocrx_word' id='word_1_72' title='bbox 738 1533 930 1598; x_wconf 77' lang='lat' dir='ltr'>sublevatus</span> <span class='ocrx_word' id='word_1_73' title='bbox 946 1534 1004 1596; x_wconf 83' lang='lat' dir='ltr'>vix</span> <span class='ocrx_word' id='word_1_74' title='bbox 1023 1531 1208 1596; x_wconf 90' lang='lat' dir='ltr'>convaluis-</span> 
     </span>
     <span class='ocr_line' id='line_1_11' title="bbox 51 1639 807 1722; baseline 0.004 -23"><span class='ocrx_word' id='word_1_75' title='bbox 51 1650 118 1718; x_wconf 81' lang='lat' dir='ltr'>set,</span> <span class='ocrx_word' id='word_1_76' title='bbox 143 1647 233 1700; x_wconf 87' lang='lat' dir='ltr'>certa</span> <span class='ocrx_word' id='word_1_77' title='bbox 258 1647 388 1701; x_wconf 86' lang='lat' dir='ltr'>exstant</span> <span class='ocrx_word' id='word_1_78' title='bbox 411 1639 550 1722; x_wconf 85' lang='lat' dir='ltr'>vestigia</span> <span class='ocrx_word' id='word_1_79' title='bbox 574 1639 629 1721; x_wconf 71' lang='lat' dir='ltr'>(II,</span> <span class='ocrx_word' id='word_1_80' title='bbox 654 1639 807 1721; x_wconf 75' lang='lat' dir='ltr'>att—52).</span> 
     </span>
    </p>

    <p class='ocr_par' dir='ltr' id='par_1_3' title="bbox 52 1744 1211 4608">
     <span class='ocr_line' id='line_1_12' title="bbox 167 1744 1209 1832; baseline 0.002 -25"><span class='ocrx_word' id='word_1_81' title='bbox 167 1744 305 1807; x_wconf 86' lang='lat' dir='ltr'>Interim</span> <span class='ocrx_word' id='word_1_82' title='bbox 329 1766 388 1808; x_wconf 88' lang='lat' dir='ltr'>rex</span> <span class='ocrx_word' id='word_1_83' title='bbox 412 1768 512 1809; x_wconf 87' lang='lat' dir='ltr'>senex</span> <span class='ocrx_word' id='word_1_84' title='bbox 536 1747 607 1832; x_wconf 89' lang='lat' dir='ltr'>ipsa</span> <span class='ocrx_word' id='word_1_85' title='bbox 631 1748 736 1832; x_wconf 90' lang='lat' dir='ltr'>prima</span> <span class='ocrx_word' id='word_1_86' title='bbox 756 1747 1002 1810; x_wconf 85' lang='lat' dir='ltr'>resurrectionis</span> <span class='ocrx_word' id='word_1_87' title='bbox 1019 1745 1139 1812; x_wconf 82' lang='lat' dir='ltr'>Christi</span> <span class='ocrx_word' id='word_1_88' title='bbox 1156 1745 1209 1809; x_wconf 86' lang='lat' dir='ltr'>die</span> 
     </span>
     <span class='ocr_line' id='line_1_13' title="bbox 55 1850 1208 1938; baseline 0 -24"><span class='ocrx_word' id='word_1_89' title='bbox 55 1873 84 1914; x_wconf 86' lang='lat' dir='ltr'>a.</span> <span class='ocrx_word' id='word_1_90' title='bbox 112 1852 199 1916; x_wconf 73' lang='lat'>1548</span> <span class='ocrx_word' id='word_1_91' title='bbox 225 1850 301 1914; x_wconf 85' lang='lat' dir='ltr'>fatis</span> <span class='ocrx_word' id='word_1_92' title='bbox 325 1851 486 1923; x_wconf 81' lang='lat' dir='ltr'>occubuit,</span> <span class='ocrx_word' id='word_1_93' title='bbox 512 1863 697 1938; x_wconf 89' lang='lat' dir='ltr'>mutataque</span> <span class='ocrx_word' id='word_1_94' title='bbox 714 1852 790 1916; x_wconf 90' lang='lat' dir='ltr'>inde</span> <span class='ocrx_word' id='word_1_95' title='bbox 808 1875 915 1916; x_wconf 89' lang='lat' dir='ltr'>rerum</span> <span class='ocrx_word' id='word_1_96' title='bbox 932 1851 1138 1938; x_wconf 85' lang='lat' dir='ltr'>publicarum</span> <span class='ocrx_word' id='word_1_97' title='bbox 1155 1873 1208 1915; x_wconf 89' lang='lat' dir='ltr'>ra-</span> 
     </span>
     <span class='ocr_line' id='line_1_14' title="bbox 52 1958 1206 2046; baseline 0 -25"><span class='ocrx_word' id='word_1_98' title='bbox 52 1959 155 2041; x_wconf 88' lang='lat' dir='ltr'>tione,</span> <span class='ocrx_word' id='word_1_99' title='bbox 171 1981 270 2043; x_wconf 90' lang='lat' dir='ltr'>quam</span> <span class='ocrx_word' id='word_1_100' title='bbox 285 1959 380 2043; x_wconf 82' lang='lat' dir='ltr'>gnari</span> <span class='ocrx_word' id='word_1_101' title='bbox 396 1959 461 2022; x_wconf 85' lang='lat' dir='ltr'>ianr</span> <span class='ocrx_word' id='word_1_102' title='bbox 475 1971 570 2023; x_wconf 90' lang='lat' dir='ltr'>antea</span> <span class='ocrx_word' id='word_1_103' title='bbox 583 1959 826 2045; x_wconf 88' lang='lat' dir='ltr'>praevidebant,</span> <span class='ocrx_word' id='word_1_104' title='bbox 844 1958 956 2046; x_wconf 87' lang='lat' dir='ltr'>procul</span> <span class='ocrx_word' id='word_1_105' title='bbox 972 1958 1071 2022; x_wconf 93' lang='lat' dir='ltr'>dubio</span> <span class='ocrx_word' id='word_1_106' title='bbox 1084 1959 1206 2022; x_wconf 89' lang='lat' dir='ltr'>facturn</span> 
     </span>
     <span class='ocr_line' id='line_1_15' title="bbox 55 2064 1208 2152; baseline 0.001 -23"><span class='ocrx_word' id='word_1_107' title='bbox 55 2076 122 2147; x_wconf 70' lang='lat' dir='ltr'>est,</span> <span class='ocrx_word' id='word_1_108' title='bbox 156 2075 190 2127; x_wconf 91' lang='lat' dir='ltr'>ut</span> <span class='ocrx_word' id='word_1_109' title='bbox 222 2065 366 2152; x_wconf 73' lang='lat' dir='ltr'>Royzius</span> <span class='ocrx_word' id='word_1_110' title='bbox 398 2088 417 2129; x_wconf 90' lang='lat' dir='ltr'>a</span> <span class='ocrx_word' id='word_1_111' title='bbox 449 2065 583 2130; x_wconf 89' lang='lat' dir='ltr'>consilio</span> <span class='ocrx_word' id='word_1_112' title='bbox 607 2065 839 2151; x_wconf 85' lang='lat' dir='ltr'>relinquendae</span> <span class='ocrx_word' id='word_1_113' title='bbox 863 2064 1015 2129; x_wconf 89' lang='lat' dir='ltr'>Poloniae</span> <span class='ocrx_word' id='word_1_114' title='bbox 1040 2065 1208 2130; x_wconf 90' lang='lat' dir='ltr'>destiterit.</span> 
     </span>
     <span class='ocr_line' id='line_1_16' title="bbox 55 2171 1209 2259; baseline -0.002 -23"><span class='ocrx_word' id='word_1_115' title='bbox 55 2174 166 2257; x_wconf 85' lang='lat' dir='ltr'>Atque</span> <span class='ocrx_word' id='word_1_116' title='bbox 190 2174 332 2257; x_wconf 87' lang='lat' dir='ltr'>primurn</span> <span class='ocrx_word' id='word_1_117' title='bbox 355 2172 500 2236; x_wconf 91' lang='lat' dir='ltr'>omnium</span> <span class='ocrx_word' id='word_1_118' title='bbox 524 2171 565 2235; x_wconf 90' lang='lat' dir='ltr'>ad</span> <span class='ocrx_word' id='word_1_119' title='bbox 587 2186 722 2237; x_wconf 89' lang='lat' dir='ltr'>mortem</span> <span class='ocrx_word' id='word_1_120' title='bbox 739 2172 900 2259; x_wconf 83' lang='lat' dir='ltr'>funusque</span> <span class='ocrx_word' id='word_1_121' title='bbox 916 2174 1004 2257; x_wconf 84' lang='lat' dir='ltr'>regis</span> <span class='ocrx_word' id='word_1_122' title='bbox 1021 2172 1120 2255; x_wconf 79' lang='lat' dir='ltr'>digno</span> <span class='ocrx_word' id='word_1_123' title='bbox 1137 2194 1209 2234; x_wconf 88' lang='lat' dir='ltr'>ear-</span> 
     </span>
     <span class='ocr_line' id='line_1_17' title="bbox 55 2278 1210 2363; baseline -0.001 -21"><span class='ocrx_word' id='word_1_124' title='bbox 55 2280 146 2343; x_wconf 89' lang='lat' dir='ltr'>mine</span> <span class='ocrx_word' id='word_1_125' title='bbox 170 2278 422 2343; x_wconf 88' lang='lat' dir='ltr'>describendum</span> <span class='ocrx_word' id='word_1_126' title='bbox 446 2280 564 2343; x_wconf 88' lang='lat' dir='ltr'>acriter</span> <span class='ocrx_word' id='word_1_127' title='bbox 588 2281 732 2342; x_wconf 91' lang='lat' dir='ltr'>animum</span> <span class='ocrx_word' id='word_1_128' title='bbox 750 2279 896 2343; x_wconf 81' lang='lat' dir='ltr'>intendit.</span> <span class='ocrx_word' id='word_1_129' title='bbox 921 2280 967 2341; x_wconf 91' lang='lat' dir='ltr'>ita</span> <span class='ocrx_word' id='word_1_130' title='bbox 984 2292 1017 2343; x_wconf 91' lang='lat' dir='ltr'>ut</span> <span class='ocrx_word' id='word_1_131' title='bbox 1034 2281 1096 2341; x_wconf 90' lang='lat' dir='ltr'>iarn</span> <span class='ocrx_word' id='word_1_132' title='bbox 1114 2280 1210 2363; x_wconf 92' lang='lat' dir='ltr'>quin-</span> 
     </span>
     <span class='ocr_line' id='line_1_18' title="bbox 56 2384 1211 2473; baseline -0.001 -25"><span class='ocrx_word' id='word_1_133' title='bbox 56 2409 121 2473; x_wconf 90' lang='lat' dir='ltr'>que</span> <span class='ocrx_word' id='word_1_134' title='bbox 145 2385 263 2449; x_wconf 84' lang='lat' dir='ltr'>diebus</span> <span class='ocrx_word' id='word_1_135' title='bbox 288 2397 358 2470; x_wconf 91' lang='lat' dir='ltr'>post</span> <span class='ocrx_word' id='word_1_136' title='bbox 383 2386 481 2449; x_wconf 89' lang='lat' dir='ltr'>funus</span> <span class='ocrx_word' id='word_1_137' title='bbox 506 2385 652 2450; x_wconf 90' lang='lat' dir='ltr'>calendis</span> <span class='ocrx_word' id='word_1_138' title='bbox 677 2388 824 2470; x_wconf 82' lang='lat' dir='ltr'>augustis</span> <span class='ocrx_word' id='word_1_139' title='bbox 848 2386 994 2450; x_wconf 89' lang='lat' dir='ltr'>eiusdem</span> <span class='ocrx_word' id='word_1_140' title='bbox 1024 2387 1101 2448; x_wconf 91' lang='lat' dir='ltr'>anui</span> <span class='ocrx_word' id='word_1_141' title='bbox 1126 2384 1211 2448; x_wconf 86' lang='lat' dir='ltr'>eele-</span> 
     </span>
     <span class='ocr_line' id='line_1_19' title="bbox 56 2492 1208 2577; baseline -0.002 -21"><span class='ocrx_word' id='word_1_142' title='bbox 56 2492 191 2556; x_wconf 91' lang='lat' dir='ltr'>bratum</span> <span class='ocrx_word' id='word_1_143' title='bbox 217 2493 395 2555; x_wconf 85' lang='lat' dir='ltr'>Historiam</span> <span class='ocrx_word' id='word_1_144' title='bbox 420 2492 591 2556; x_wconf 83' lang='lat' dir='ltr'>funebrem</span> <span class='ocrx_word' id='word_1_145' title='bbox 616 2516 707 2556; x_wconf 82' lang='lat' dir='ltr'>suain</span> <span class='ocrx_word' id='word_1_146' title='bbox 732 2493 973 2575; x_wconf 52' lang='lat' dir='ltr'>elegantissime</span> <span class='ocrx_word' id='word_1_147' title='bbox 999 2493 1208 2577; x_wconf 81' lang='lat' dir='ltr'>compositam</span> 
     </span>
     <span class='ocr_line' id='line_1_20' title="bbox 56 2599 1207 2681; baseline -0.001 -18"><span class='ocrx_word' id='word_1_148' title='bbox 56 2600 96 2681; x_wconf 85' lang='lat' dir='ltr'>(I,</span> <span class='ocrx_word' id='word_1_149' title='bbox 120 2600 290 2679; x_wconf 75' lang='lat'>99-117)</span> <span class='ocrx_word' id='word_1_150' title='bbox 314 2599 464 2663; x_wconf 85' lang='lat' dir='ltr'>officinae</span> <span class='ocrx_word' id='word_1_151' title='bbox 488 2599 715 2662; x_wconf 83' lang='lat' dir='ltr'>excudendarn</span> <span class='ocrx_word' id='word_1_152' title='bbox 740 2599 920 2663; x_wconf 85' lang='lat' dir='ltr'>tradiderit.</span> <span class='ocrx_word' id='word_1_153' title='bbox 959 2602 1031 2679; x_wconf 79' lang='lat' dir='ltr'>Quo</span> <span class='ocrx_word' id='word_1_154' title='bbox 1063 2599 1207 2662; x_wconf 84' lang='lat' dir='ltr'>carmine</span> 
     </span>
     <span class='ocr_line' id='line_1_21' title="bbox 55 2705 1206 2791; baseline -0.001 -21"><span class='ocrx_word' id='word_1_155' title='bbox 55 2718 205 2770; x_wconf 82' lang='lat' dir='ltr'>extremo</span> <span class='ocrx_word' id='word_1_156' title='bbox 229 2719 322 2791; x_wconf 87' lang='lat' dir='ltr'>poeta</span> <span class='ocrx_word' id='word_1_157' title='bbox 346 2707 452 2791; x_wconf 89' lang='lat' dir='ltr'>ipsum</span> <span class='ocrx_word' id='word_1_158' title='bbox 477 2705 722 2790; x_wconf 84' lang='lat' dir='ltr'>Sigismundurn</span> <span class='ocrx_word' id='word_1_159' title='bbox 749 2711 933 2790; x_wconf 79' lang='lat' dir='ltr'>Augustum</span> <span class='ocrx_word' id='word_1_160' title='bbox 958 2708 1002 2770; x_wconf 89' lang='lat' dir='ltr'>ita</span> <span class='ocrx_word' id='word_1_161' title='bbox 1022 2705 1206 2791; x_wconf 81' lang='lat' dir='ltr'>alloquitur,</span> 
     </span>
     <span class='ocr_line' id='line_1_22' title="bbox 55 2812 1205 2900; baseline -0.001 -24"><span class='ocrx_word' id='word_1_162' title='bbox 55 2826 92 2876; x_wconf 95' lang='lat' dir='ltr'>ut</span> <span class='ocrx_word' id='word_1_163' title='bbox 118 2812 215 2876; x_wconf 87' lang='lat' dir='ltr'>facile</span> <span class='ocrx_word' id='word_1_164' title='bbox 240 2814 455 2898; x_wconf 88' lang='lat' dir='ltr'>perspiciatur</span> <span class='ocrx_word' id='word_1_165' title='bbox 478 2836 551 2876; x_wconf 87' lang='lat' dir='ltr'>euru</span> <span class='ocrx_word' id='word_1_166' title='bbox 575 2812 716 2876; x_wconf 92' lang='lat' dir='ltr'>multum</span> <span class='ocrx_word' id='word_1_167' title='bbox 739 2815 805 2900; x_wconf 85' lang='lat' dir='ltr'>spei</span> <span class='ocrx_word' id='word_1_168' title='bbox 831 2814 864 2875; x_wconf 93' lang='lat' dir='ltr'>iu</span> <span class='ocrx_word' id='word_1_169' title='bbox 887 2836 969 2876; x_wconf 71' lang='lat' dir='ltr'>noro</span> <span class='ocrx_word' id='word_1_170' title='bbox 987 2836 1061 2898; x_wconf 80' lang='lat' dir='ltr'>rege</span> <span class='ocrx_word' id='word_1_171' title='bbox 1078 2835 1205 2899; x_wconf 89' lang='lat' dir='ltr'>ponere.</span> 
     </span>
     <span class='ocr_line' id='line_1_23' title="bbox 56 2918 1205 3005; baseline -0.001 -22"><span class='ocrx_word' id='word_1_172' title='bbox 56 2920 172 3005; x_wconf 77' lang='lat' dir='ltr'>Neque</span> <span class='ocrx_word' id='word_1_173' title='bbox 197 2941 233 2983; x_wconf 90' lang='lat' dir='ltr'>ea</span> <span class='ocrx_word' id='word_1_174' title='bbox 259 2942 331 3005; x_wconf 89' lang='lat' dir='ltr'>spes</span> <span class='ocrx_word' id='word_1_175' title='bbox 355 2943 430 2983; x_wconf 91' lang='lat' dir='ltr'>eum</span> <span class='ocrx_word' id='word_1_176' title='bbox 455 2918 579 2983; x_wconf 84' lang='lat' dir='ltr'>fefellit.</span> <span class='ocrx_word' id='word_1_177' title='bbox 608 2920 717 2983; x_wconf 86' lang='lat' dir='ltr'>Bonae</span> <span class='ocrx_word' id='word_1_178' title='bbox 741 2922 826 2984; x_wconf 92' lang='lat' dir='ltr'>enim</span> <span class='ocrx_word' id='word_1_179' title='bbox 851 2921 983 3003; x_wconf 79' lang='lat' dir='ltr'>reginae</span> <span class='ocrx_word' id='word_1_180' title='bbox 1007 2921 1205 3005; x_wconf 90' lang='lat' dir='ltr'>praepotenti</span> 
     </span>
     <span class='ocr_line' id='line_1_24' title="bbox 56 3024 1206 3112; baseline 0 -23"><span class='ocrx_word' id='word_1_181' title='bbox 56 3027 166 3111; x_wconf 84' lang='lat' dir='ltr'>gratia</span> <span class='ocrx_word' id='word_1_182' title='bbox 189 3025 358 3090; x_wconf 86' lang='lat' dir='ltr'>deminuta</span> <span class='ocrx_word' id='word_1_183' title='bbox 382 3024 513 3091; x_wconf 85' lang='lat' dir='ltr'>Samuel</span> <span class='ocrx_word' id='word_1_184' title='bbox 538 3027 735 3103; x_wconf 68' lang='lat' dir='ltr'>Mareeovius,</span> <span class='ocrx_word' id='word_1_185' title='bbox 767 3028 822 3112; x_wconf 91' lang='lat' dir='ltr'>qui</span> <span class='ocrx_word' id='word_1_186' title='bbox 847 3027 954 3089; x_wconf 88' lang='lat' dir='ltr'>statim</span> <span class='ocrx_word' id='word_1_187' title='bbox 980 3027 1070 3088; x_wconf 89' lang='lat' dir='ltr'>initio</span> <span class='ocrx_word' id='word_1_188' title='bbox 1094 3027 1127 3088; x_wconf 91' lang='lat' dir='ltr'>in</span> <span class='ocrx_word' id='word_1_189' title='bbox 1153 3050 1206 3089; x_wconf 86' lang='lat' dir='ltr'>co-</span> 
     </span>
     <span class='ocr_line' id='line_1_25' title="bbox 56 3133 1204 3197; baseline -0.001 -1"><span class='ocrx_word' id='word_1_190' title='bbox 56 3134 159 3196; x_wconf 89' lang='lat' dir='ltr'>mitiis</span> <span class='ocrx_word' id='word_1_191' title='bbox 182 3133 481 3197; x_wconf 84' lang='lat' dir='ltr'>Piotrcovieusibus</span> <span class='ocrx_word' id='word_1_192' title='bbox 507 3156 569 3196; x_wconf 91' lang='lat' dir='ltr'>uua</span> <span class='ocrx_word' id='word_1_193' title='bbox 595 3156 669 3196; x_wconf 88' lang='lat' dir='ltr'>cum</span> <span class='ocrx_word' id='word_1_194' title='bbox 692 3135 812 3196; x_wconf 90' lang='lat' dir='ltr'>loanue</span> <span class='ocrx_word' id='word_1_195' title='bbox 829 3134 992 3197; x_wconf 84' lang='lat' dir='ltr'>Tarnovio</span> <span class='ocrx_word' id='word_1_196' title='bbox 1009 3133 1204 3195; x_wconf 80' lang='lat' dir='ltr'>matrimonii</span> 
     </span>
     <span class='ocr_line' id='line_1_26' title="bbox 57 3237 1206 3321; baseline -0.003 -18"><span class='ocrx_word' id='word_1_197' title='bbox 57 3263 77 3303; x_wconf 86' lang='lat' dir='ltr'>a</span> <span class='ocrx_word' id='word_1_198' title='bbox 101 3262 178 3321; x_wconf 77' lang='lat' dir='ltr'>rege</span> <span class='ocrx_word' id='word_1_199' title='bbox 202 3263 277 3303; x_wconf 88' lang='lat' dir='ltr'>euru</span> <span class='ocrx_word' id='word_1_200' title='bbox 302 3240 448 3302; x_wconf 84' lang='lat' dir='ltr'>Barbara</span> <span class='ocrx_word' id='word_1_201' title='bbox 471 3239 511 3303; x_wconf 91' lang='lat' dir='ltr'>de</span> <span class='ocrx_word' id='word_1_202' title='bbox 536 3239 630 3302; x_wconf 88' lang='lat' dir='ltr'>domo</span> <span class='ocrx_word' id='word_1_203' title='bbox 654 3239 883 3303; x_wconf 85' lang='lat' dir='ltr'>Badivilorurn</span> <span class='ocrx_word' id='word_1_204' title='bbox 910 3241 980 3302; x_wconf 86' lang='lat' dir='ltr'>initi</span> <span class='ocrx_word' id='word_1_205' title='bbox 1007 3241 1056 3301; x_wconf 92' lang='lat' dir='ltr'>ius</span> <span class='ocrx_word' id='word_1_206' title='bbox 1084 3241 1117 3301; x_wconf 94' lang='lat' dir='ltr'>in</span> <span class='ocrx_word' id='word_1_207' title='bbox 1145 3237 1206 3300; x_wconf 90' lang='lat' dir='ltr'>du·</span> 
     </span>
     <span class='ocr_line' id='line_1_27' title="bbox 58 3346 1206 3432; baseline -0.003 -22"><span class='ocrx_word' id='word_1_208' title='bbox 58 3346 151 3410; x_wconf 89' lang='lat' dir='ltr'>bium</span> <span class='ocrx_word' id='word_1_209' title='bbox 175 3358 326 3410; x_wconf 88' lang='lat' dir='ltr'>vocaturn</span> <span class='ocrx_word' id='word_1_210' title='bbox 351 3347 634 3432; x_wconf 82' lang='lat' dir='ltr'>integritatemque</span> <span class='ocrx_word' id='word_1_211' title='bbox 659 3346 835 3432; x_wconf 83' lang='lat' dir='ltr'>pontificali</span> <span class='ocrx_word' id='word_1_212' title='bbox 868 3347 1059 3410; x_wconf 84' lang='lat' dir='ltr'>uuetmitate</span> <span class='ocrx_word' id='word_1_213' title='bbox 1082 3355 1206 3408; x_wconf 89' lang='lat' dir='ltr'>tutatus</span> 
     </span>
     <span class='ocr_line' id='line_1_28' title="bbox 56 3450 1205 3539; baseline -0.003 -22"><span class='ocrx_word' id='word_1_214' title='bbox 56 3467 113 3527; x_wconf 73' lang='lat' dir='ltr'>est,</span> <span class='ocrx_word' id='word_1_215' title='bbox 139 3453 296 3517; x_wconf 82' lang='lat' dir='ltr'>offensam</span> <span class='ocrx_word' id='word_1_216' title='bbox 322 3453 408 3539; x_wconf 89' lang='lat' dir='ltr'>apud</span> <span class='ocrx_word' id='word_1_217' title='bbox 433 3454 607 3516; x_wconf 83' lang='lat' dir='ltr'>renitentes</span> <span class='ocrx_word' id='word_1_218' title='bbox 632 3455 735 3535; x_wconf 70' lang='lat' dir='ltr'>gratia</span> <span class='ocrx_word' id='word_1_219' title='bbox 760 3453 846 3538; x_wconf 87' lang='lat' dir='ltr'>apud</span> <span class='ocrx_word' id='word_1_220' title='bbox 873 3476 981 3538; x_wconf 63' lang='lat' dir='ltr'>regem</span> <span class='ocrx_word' id='word_1_221' title='bbox 1000 3450 1205 3514; x_wconf 88' lang='lat' dir='ltr'>iamdudum</span> 
     </span>
     <span class='ocr_line' id='line_1_29' title="bbox 57 3559 1204 3644; baseline -0.002 -22"><span class='ocrx_word' id='word_1_222' title='bbox 57 3562 174 3624; x_wconf 86' lang='lat' dir='ltr'>merita</span> <span class='ocrx_word' id='word_1_223' title='bbox 199 3560 431 3644; x_wconf 84' lang='lat' dir='ltr'>compensavit.</span> <span class='ocrx_word' id='word_1_224' title='bbox 460 3560 572 3644; x_wconf 88' lang='lat' dir='ltr'>ltaque</span> <span class='ocrx_word' id='word_1_225' title='bbox 596 3561 691 3623; x_wconf 83' lang='lat' dir='ltr'>ctiam</span> <span class='ocrx_word' id='word_1_226' title='bbox 718 3559 899 3624; x_wconf 87' lang='lat' dir='ltr'>Stanislaus</span> <span class='ocrx_word' id='word_1_227' title='bbox 915 3561 1111 3633; x_wconf 80' lang='lat' dir='ltr'>Maeeovius,</span> <span class='ocrx_word' id='word_1_228' title='bbox 1135 3571 1204 3620; x_wconf 89' lang='lat' dir='ltr'>turn</span> 
     </span>
     <span class='ocr_line' id='line_1_30' title="bbox 56 3665 1204 3751; baseline -0.003 -20"><span class='ocrx_word' id='word_1_229' title='bbox 56 3665 254 3731; x_wconf 84' lang='lat' dir='ltr'>castellanus</span> <span class='ocrx_word' id='word_1_230' title='bbox 278 3667 484 3749; x_wconf 88' lang='lat' dir='ltr'>voinicensis,</span> <span class='ocrx_word' id='word_1_231' title='bbox 509 3665 667 3731; x_wconf 63' lang='lat' dir='ltr'>Barrruelis</span> <span class='ocrx_word' id='word_1_232' title='bbox 694 3667 793 3729; x_wconf 80' lang='lat' dir='ltr'>frater</span> <span class='ocrx_word' id='word_1_233' title='bbox 813 3689 996 3750; x_wconf 73' lang='lat' dir='ltr'>germanus.</span> <span class='ocrx_word' id='word_1_234' title='bbox 1021 3666 1204 3751; x_wconf 74' lang='lat' dir='ltr'>praelectus</span> 
     </span>
     <span class='ocr_line' id='line_1_31' title="bbox 56 3773 1204 3858; baseline -0.002 -22"><span class='ocrx_word' id='word_1_235' title='bbox 56 3773 153 3837; x_wconf 85' lang='lat' dir='ltr'>aulae</span> <span class='ocrx_word' id='word_1_236' title='bbox 177 3774 342 3838; x_wconf 88' lang='lat' dir='ltr'>Barbarae</span> <span class='ocrx_word' id='word_1_237' title='bbox 367 3775 499 3858; x_wconf 85' lang='lat' dir='ltr'>reginae</span> <span class='ocrx_word' id='word_1_238' title='bbox 524 3786 651 3837; x_wconf 86' lang='lat' dir='ltr'>creatus</span> <span class='ocrx_word' id='word_1_239' title='bbox 675 3786 732 3836; x_wconf 89' lang='lat' dir='ltr'>est.</span> <span class='ocrx_word' id='word_1_240' title='bbox 756 3773 827 3837; x_wconf 81' lang='lat' dir='ltr'>Rex</span> <span class='ocrx_word' id='word_1_241' title='bbox 852 3796 925 3837; x_wconf 87' lang='lat' dir='ltr'>curu</span> <span class='ocrx_word' id='word_1_242' title='bbox 944 3773 1122 3838; x_wconf 84' lang='lat' dir='ltr'>Cracoviae</span> <span class='ocrx_word' id='word_1_243' title='bbox 1138 3784 1204 3835; x_wconf 90' lang='lat' dir='ltr'>toto</span> 
     </span>
     <span class='ocr_line' id='line_1_32' title="bbox 56 3879 1205 3965; baseline -0.002 -22"><span class='ocrx_word' id='word_1_244' title='bbox 56 3903 143 3944; x_wconf 89' lang='lat' dir='ltr'>anno</span> <span class='ocrx_word' id='word_1_245' title='bbox 170 3882 254 3944; x_wconf 68' lang='lat'>1549</span> <span class='ocrx_word' id='word_1_246' title='bbox 279 3879 441 3944; x_wconf 87' lang='lat' dir='ltr'>habitaret</span> <span class='ocrx_word' id='word_1_247' title='bbox 471 3892 566 3965; x_wconf 90' lang='lat' dir='ltr'>atque</span> <span class='ocrx_word' id='word_1_248' title='bbox 599 3881 693 3942; x_wconf 82' lang='lat' dir='ltr'>etiarn</span> <span class='ocrx_word' id='word_1_249' title='bbox 728 3891 838 3965; x_wconf 87' lang='lat' dir='ltr'>postea</span> <span class='ocrx_word' id='word_1_250' title='bbox 872 3902 972 3964; x_wconf 90' lang='lat' dir='ltr'>usquc</span> <span class='ocrx_word' id='word_1_251' title='bbox 1003 3879 1043 3941; x_wconf 88' lang='lat' dir='ltr'>ad</span> <span class='ocrx_word' id='word_1_252' title='bbox 1069 3890 1205 3942; x_wconf 82' lang='lat' dir='ltr'>mortem</span> 
     </span>
     <span class='ocr_line' id='line_1_33' title="bbox 57 3986 1208 4072; baseline -0.001 -22"><span class='ocrx_word' id='word_1_253' title='bbox 57 3986 224 4050; x_wconf 86' lang='lat' dir='ltr'>Barbarae</span> <span class='ocrx_word' id='word_1_254' title='bbox 248 3987 381 4072; x_wconf 85' lang='lat' dir='ltr'>reginae</span> <span class='ocrx_word' id='word_1_255' title='bbox 405 3992 445 4057; x_wconf 83' lang='lat' dir='ltr'>(a.</span> <span class='ocrx_word' id='word_1_256' title='bbox 472 3990 569 4066; x_wconf 68' lang='lat' dir='ltr'>lirul)</span> <span class='ocrx_word' id='word_1_257' title='bbox 595 3986 714 4050; x_wconf 88' lang='lat' dir='ltr'>ibideru</span> <span class='ocrx_word' id='word_1_258' title='bbox 736 3986 927 4071; x_wconf 89' lang='lat' dir='ltr'>plerumque</span> <span class='ocrx_word' id='word_1_259' title='bbox 944 3999 1208 4068; x_wconf 88' lang='lat' dir='ltr'>commoraretur,</span> 
     </span>
     <span class='ocr_line' id='line_1_34' title="bbox 58 4092 1207 4181; baseline -0.001 -25"><span class='ocrx_word' id='word_1_260' title='bbox 58 4093 172 4157; x_wconf 88' lang='lat' dir='ltr'>crebro</span> <span class='ocrx_word' id='word_1_261' title='bbox 196 4092 357 4181; x_wconf 81' lang='lat' dir='ltr'>Royziurn</span> <span class='ocrx_word' id='word_1_262' title='bbox 383 4095 414 4155; x_wconf 96' lang='lat' dir='ltr'>in</span> <span class='ocrx_word' id='word_1_263' title='bbox 440 4093 548 4157; x_wconf 85' lang='lat' dir='ltr'>causis</span> <span class='ocrx_word' id='word_1_264' title='bbox 573 4094 757 4157; x_wconf 85' lang='lat' dir='ltr'>forensibus</span> <span class='ocrx_word' id='word_1_265' title='bbox 777 4093 981 4179; x_wconf 80' lang='lat' dir='ltr'>publicisque</span> <span class='ocrx_word' id='word_1_266' title='bbox 998 4092 1133 4156; x_wconf 70' lang='lat' dir='ltr'>ctrusilio</span> <span class='ocrx_word' id='word_1_267' title='bbox 1149 4093 1207 4155; x_wconf 88' lang='lat' dir='ltr'>ad-</span> 
     </span>
     <span class='ocr_line' id='line_1_35' title="bbox 57 4197 1206 4286; baseline -0.002 -23"><span class='ocrx_word' id='word_1_268' title='bbox 57 4197 165 4264; x_wconf 89' lang='lat' dir='ltr'>hibuit</span> <span class='ocrx_word' id='word_1_269' title='bbox 188 4201 318 4286; x_wconf 87' lang='lat' dir='ltr'>iamque</span> <span class='ocrx_word' id='word_1_270' title='bbox 341 4200 487 4264; x_wconf 88' lang='lat' dir='ltr'>calendis</span> <span class='ocrx_word' id='word_1_271' title='bbox 512 4201 698 4265; x_wconf 85' lang='lat' dir='ltr'>octobribus</span> <span class='ocrx_word' id='word_1_272' title='bbox 723 4225 748 4264; x_wconf 89' lang='lat' dir='ltr'>a.</span> <span class='ocrx_word' id='word_1_273' title='bbox 768 4204 853 4265; x_wconf 69' lang='lat' dir='ltr'>ruat»</span> <span class='ocrx_word' id='word_1_274' title='bbox 879 4203 911 4263; x_wconf 94' lang='lat' dir='ltr'>in</span> <span class='ocrx_word' id='word_1_275' title='bbox 935 4201 1043 4264; x_wconf 89' lang='lat' dir='ltr'>aulam</span> <span class='ocrx_word' id='word_1_276' title='bbox 1068 4202 1206 4265; x_wconf 81' lang='lat' dir='ltr'>arcessi·</span> 
     </span>
     <span class='ocr_line' id='line_1_36' title="bbox 57 4306 1205 4394; baseline 0.001 -25"><span class='ocrx_word' id='word_1_277' title='bbox 57 4317 126 4370; x_wconf 92' lang='lat' dir='ltr'>tum</span> <span class='ocrx_word' id='word_1_278' title='bbox 151 4306 419 4371; x_wconf 89' lang='lat' dir='ltr'>iurisconsulturn</span> <span class='ocrx_word' id='word_1_279' title='bbox 445 4310 569 4393; x_wconf 85' lang='lat' dir='ltr'>regium</span> <span class='ocrx_word' id='word_1_280' title='bbox 593 4331 664 4372; x_wconf 90' lang='lat' dir='ltr'>esse</span> <span class='ocrx_word' id='word_1_281' title='bbox 688 4309 782 4372; x_wconf 89' lang='lat' dir='ltr'>iussit</span> <span class='ocrx_word' id='word_1_282' title='bbox 813 4321 908 4393; x_wconf 89' lang='lat' dir='ltr'>atque</span> <span class='ocrx_word' id='word_1_283' title='bbox 937 4309 1121 4394; x_wconf 84' lang='lat' dir='ltr'>pensionem</span> <span class='ocrx_word' id='word_1_284' title='bbox 1147 4331 1205 4370; x_wconf 89' lang='lat' dir='ltr'>au-</span> 
     </span>
     <span class='ocr_line' id='line_1_37' title="bbox 54 4414 1202 4501; baseline -0.001 -23"><span class='ocrx_word' id='word_1_285' title='bbox 54 4437 158 4478; x_wconf 85' lang='lat' dir='ltr'>nuarn</span> <span class='ocrx_word' id='word_1_286' title='bbox 181 4414 395 4479; x_wconf 87' lang='lat' dir='ltr'>ducentorum</span> <span class='ocrx_word' id='word_1_287' title='bbox 419 4414 614 4478; x_wconf 88' lang='lat' dir='ltr'>florenorum</span> <span class='ocrx_word' id='word_1_288' title='bbox 639 4439 696 4479; x_wconf 81' lang='lat' dir='ltr'>sex</span> <span class='ocrx_word' id='word_1_289' title='bbox 722 4414 789 4479; x_wconf 90' lang='lat' dir='ltr'>fere</span> <span class='ocrx_word' id='word_1_290' title='bbox 814 4416 979 4478; x_wconf 82' lang='lat' dir='ltr'>iriensibus</span> <span class='ocrx_word' id='word_1_291' title='bbox 1003 4426 1086 4501; x_wconf 80' lang='lat' dir='ltr'>post,</span> <span class='ocrx_word' id='word_1_292' title='bbox 1117 4438 1202 4478; x_wconf 90' lang='lat' dir='ltr'>anno</span> 
     </span>
     <span class='ocr_line' id='line_1_38' title="bbox 60 4521 1204 4608; baseline 0.002 -25"><span class='ocrx_word' id='word_1_293' title='bbox 60 4522 156 4595; x_wconf 70' lang='lat' dir='ltr'>rato,</span> <span class='ocrx_word' id='word_1_294' title='bbox 187 4521 228 4584; x_wconf 86' lang='lat' dir='ltr'>ad</span> <span class='ocrx_word' id='word_1_295' title='bbox 261 4523 423 4608; x_wconf 89' lang='lat' dir='ltr'>impensas</span> <span class='ocrx_word' id='word_1_296' title='bbox 456 4521 551 4585; x_wconf 89' lang='lat' dir='ltr'>huius</span> <span class='ocrx_word' id='word_1_297' title='bbox 580 4523 724 4585; x_wconf 88' lang='lat' dir='ltr'>muneris</span> <span class='ocrx_word' id='word_1_298' title='bbox 747 4521 933 4586; x_wconf 85' lang='lat' dir='ltr'>tolerandas</span> <span class='ocrx_word' id='word_1_299' title='bbox 965 4523 994 4586; x_wconf 90' lang='lat' dir='ltr'>ei</span> <span class='ocrx_word' id='word_1_300' title='bbox 1026 4524 1058 4585; x_wconf 95' lang='lat' dir='ltr'>iu</span> <span class='ocrx_word' id='word_1_301' title='bbox 1090 4521 1204 4585; x_wconf 89' lang='lat' dir='ltr'>salinis</span> 
     </span>
    </p>
   </div>
   <div class='ocr_carea' id='block_1_3' title="bbox 0 0 1513 5310">
    <p class='ocr_par' dir='ltr' id='par_1_4' title="bbox 0 0 1513 5310">
     <span class='ocr_line' id='line_1_39' title="bbox 0 0 1513 5310; baseline 0 0"><span class='ocrx_word' id='word_1_302' title='bbox 0 0 1513 5310; x_wconf 95' lang='lat' dir='ltr'> </span> 
     </span>
    </p>
   </div>
  </div>
 </body>
</html>
