3016 5310
556 123 712 165 susurrant.
1077 107 1205 160 txxvtt

58 319 216 392 arabium,
240 317 386 381 Nonium
409 326 442 381 et
464 313 718 381 Demosthenem
744 317 773 393 2,
797 314 897 381 ssnrol
920 326 1046 379 tantam
1063 315 1205 381 Plinium

58 425 231 508 minorem,
254 421 478 506 Columellam,
501 420 696 503 Palladium,
721 432 816 514 sturm·
842 422 1089 510 Hieronymum,
1112 433 1207 487 stum.

58 531 285 613 Ambrosium,
306 531 520 612 Priscisnnm,
538 529 727 612 Homerum,
743 528 932 612 Pindarum,
948 528 1208 615 Xenophontem,

59 639 254 722 Diodorum,
277 635 499 720 Plutarchum,
517 638 704 721 Arriannm,
728 635 912 722 Aelianum,
935 635 1107 702 Galennm.
1130 637 1209 705 Phi·

59 746 231 811 lostratum
255 756 288 809 et
312 743 554 814 Artemidorum
578 745 771 830 nuncupari.
796 746 967 810 Praeterea
982 743 1089 809 locum
1106 745 1205 810 Ennii

60 876 97 917 aa
119 854 293 935 Cicerone,
316 853 349 915 ni
364 851 469 917 ¹fallor
492 853 615 932 (Dacis.
632 852 657 934 Ι,
674 853 738 933 97),
761 851 848 917 Oelsi
864 874 906 916 ex
923 851 1067 936 Digestis
1084 852 1208 934 (Dacis.

59 960 117 1042 111,
142 961 235 1043 207),
267 959 410 1026 Seneoac
432 957 614 1045 philosophi
638 981 680 1023 ex
703 958 791 1023 Petri
815 958 931 1024 Criniti
954 957 1047 1025 libris
1074 960 1125 1026 De
1149 959 1206 1024 ho

61 1077 150 1132 uesta
184 1066 360 1153 disciplina
390 1066 512 1148 (Deoia.
536 1065 578 1148 V,
610 1067 695 1148 135),
735 1064 916 1151 Sapphonis
954 1088 996 1129 ex
1030 1067 1204 1133 Aristotele

61 1175 182 1256 (Deoia
215 1174 274 1241 lv.
305 1174 383 1252 375)
413 1173 621 1260 deprompsit.
661 1171 833 1243 Distichon
865 1171 906 1236 de
933 1171 1068 1238 Homeri
1098 1175 1205 1259 patria

61 1282 182 1365 (Dacia.
207 1280 283 1366 (ΙΙΙ,
309 1282 384 1362 113)
414 1303 457 1346 ex
480 1279 667 1364 anthologia
691 1280 858 1364 cognitum
889 1278 1043 1345 habuisse
1066 1279 1206 1345 videtur.

61 1389 196 1473 legisse
219 1410 296 1454 enm
319 1388 417 1453 etiam
440 1386 629 1454 Cornelium
653 1387 809 1472 Nepotem
833 1399 887 1469 ea,
919 1408 1001 1472 qnae
1032 1385 1073 1452 de
1103 1388 1206 1453 Attici

10 1512 15 1519 '
62 1506 163 1560 morte
188 1494 298 1578 tradit,
323 1495 391 1560 fere
413 1495 572 1560 evincunt
594 1495 717 1578 (Decis.
742 1493 766 1577 1,
791 1495 855 1574 28).

167 1602 283 1688 Neque
305 1612 413 1668 tamen
436 1600 487 1666 his
511 1602 590 1666 satis
614 1601 731 1688 amplis
755 1600 874 1667 finibus
890 1602 1073 1667 continetur
1088 1601 1204 1689 Royaii

60 1710 265 1796 antiquitatis
288 1709 415 1789 notitia;
438 1707 549 1791 multa,
574 1720 610 1773 ut
632 1709 697 1773 iam
721 1709 841 1791 monui,
864 1707 987 1794 profert
1006 1709 1039 1772 in
1055 1709 1204 1774 Decitio-

60 1817 156 1882 aibus
181 1827 331 1883 veterum
355 1825 525 1885 auctorum
548 1816 736 1881 nominibus
759 1838 824 1881 non
840 1814 971 1898 additis,
994 1814 1096 1885 multa
1112 1838 1203 1901 prae·

60 1938 148 1991 teres
172 1926 207 1988 in
232 1922 433 1991 carminibus
456 1924 526 1988 eins
549 1945 704 2009 expressa
735 1923 941 2009 antiquorum
970 1923 1108 2007 vestigia
1138 1924 1203 1988 iam

61 2054 159 2121 supra
183 2030 311 2118 collegi.

168 2138 340 2218 Quatenus
363 2139 570 2225 antiquorum
592 2139 673 2202 iuris
703 2148 875 2224 praecepta
907 2137 1056 2203 calluerit
1083 2138 1206 2224 quidve

62 2247 93 2313 in
124 2246 319 2311 universum
350 2244 525 2332 profecerit
555 2244 597 2309 ad
628 2245 710 2310 iuris
742 2245 910 2311 scientiam
941 2246 1026 2311 inter
1053 2245 1205 2331 aequales

62 2351 317 2440 promovendam
333 2353 554 2439 iustitiamque
566 2351 693 2438 legibus
706 2351 976 2434 constituendam,
992 2374 1095 2437 neque
1107 2351 1205 2418 huius

61 2461 121 2527 loci
145 2470 198 2527 ost
221 2458 389 2546 disputare
419 2469 451 2526 et
483 2481 535 2525 rea
565 2459 669 2545 exigit
699 2459 930 2545 peritissimum
955 2459 1037 2523 iuris
1060 2460 1205 2546 iurisque

59 2567 217 2633 historiae
247 2567 511 2637 existimatorem.
549 2567 645 2634 Oerte
679 2567 813 2651 repetita
843 2564 900 2631 illo
931 2567 1099 2633 etiamtum
1126 2568 1206 2632 vivo

62 2674 272 2745 Francofurti
296 2673 340 2739 ad
363 2674 415 2757 M,
446 2687 478 2740 et
508 2684 581 2760 post
608 2675 750 2739 auctoris
775 2683 909 2739 mortem
935 2673 1081 2738 Venetiis
1105 2675 1206 2739 Deoi-

62 2782 188 2846 uiouum
213 2780 313 2846 editio
335 2803 416 2869 opus
440 2780 521 2845 illud
544 2781 660 2870 Royzii
684 2781 770 2866 apud
795 2781 906 2847 doctos
929 2779 1059 2845 illorum
1083 2788 1206 2868 tempo*

63 2912 132 2953 ram
159 2890 249 2952 viros
280 2889 314 2952 in
345 2888 449 2977 pretio
479 2888 580 2953 fuisse
614 2887 767 2955 declarat.
807 2887 893 2953 Illud
916 2889 1013 2954 etiarn
1041 2898 1128 2974 patet
1152 2888 1206 2953 vel

63 2997 213 3083 imperito
236 2995 428 3061 Decisioues
452 2993 572 3081 legenti
595 2996 756 3084 Royairun
787 2996 820 3061 in
848 2992 985 3079 singulis
1009 2996 1207 3080 quaestioni-

63 3105 120 3167 bus
146 3101 314 3168 solvendis
337 3104 398 3166 niti
422 3124 486 3165 nun
511 3100 614 3167 solum
639 3112 885 3189 praeceptorum
909 3123 1040 3164 suornm
1064 3104 1206 3166 auctori·

61 3319 244 3385 annuorum
267 3316 456 3402 legistarnm
480 3317 786 3402 canonistarumque
803 3315 905 3382 libris.
928 3315 968 3381 In
984 3316 1107 3381 ratione
1123 3318 1205 3381 iuris

61 3423 227 3491 tractandi
250 3424 396 3511 sequitur
417 3424 473 3491 ille
496 3426 700 3512 potissimum
724 3422 889 3489 Andrcam
915 3421 1088 3506 Aloiatnm,
1111 3446 1205 3509 prae-

61 3543 225 3623 ceptorem
251 3554 345 3599 snum
369 3531 631 3615 dilectissimum,
654 3532 709 3619 qui
733 3531 848 3597 relicta
870 3530 964 3597 arida
987 3530 1044 3597 illa
1059 3533 1203 3618 priorum

62 3638 252 3727 disputandi
276 3640 332 3707 via
355 3640 528 3711 Iustiniani
551 3641 632 3705 iuria
657 3641 801 3727 corporis
824 3650 998 3726 praecepta
1028 3638 1070 3704 ad
1098 3638 1204 3703 fontos

60 3763 309 3834 temporumque
332 3747 533 3819 conditiones
558 3747 724 3831 referebat,
748 3747 926 3833 litterisque
950 3770 989 3812 nc
1005 3747 1205 3812 carminibus

59 3855 205 3941 antiquis
228 3853 422 3938 illustrabat,
445 3877 549 3940 nequo
572 3865 681 3919 tamen
704 3853 785 3922 adeo
810 3853 928 3939 pandet
951 3876 970 3920 a
989 3863 1207 3940 praeceptore,

60 3975 95 4028 ut
114 3961 255 4034 idoneis
285 3960 366 4029 loeis
397 3984 491 4031 suam
522 3963 714 4029 seutentiam
746 3972 861 4029 contra
888 3963 957 4026 eiua
980 3963 1205 4026 auctoritatem

57 4071 144 4143 tueri
168 4091 234 4135 non
257 4068 376 4139 audeat
400 4070 522 4149 (Deoia.
546 4069 608 4147 ΙΙΙ,
634 4071 711 4151 1283
736 4069 794 4151 IV,
821 4071 904 4148 117).

158 4175 255 4248 ,Nota
279 4174 380 4243 tuisse
402 4175 526 4265 Royuio
550 4176 763 4243 litteratorum
788 4175 956 4241 hominurn
976 4185 1206 4261 poetarumque
