3016 5310
601 455 774 491 ”Ausees-u·
1196 445 1263 510 281

883 528 919 534 -.-
927 528 1265 538 ——————-———-——-..

799 540 1032 548 ——-.—„
1070 543 1265 551 ———........

674 739 717 804 Π.

231 861 322 942 Quos
345 872 427 949 pete,
450 900 493 910 -
516 864 652 950 nequis
675 885 726 928 me
749 864 783 927 in
807 863 895 950 pullo
919 866 1054 931 miretur
1079 868 1209 953 amictu,
1223 908 1265 918 -

285 968 505 1034 Persolvends
528 969 593 1034 illis
617 971 731 1036 funere
754 993 857 1057 poena
881 972 980 1037 venit.

671 1163 733 1228 III.

231 1286 320 1352 Pelle
343 1286 451 1372 rubra,
474 1287 584 1373 leetor,
606 1311 647 1353 ne
671 1311 722 1353 me
745 1289 871 1354 mireris
895 1291 1063 1356 amictum:

284 1393 375 1474 Quos
397 1404 479 1481 pete,
501 1393 667 1460 reddenda
689 1405 738 1459 est
761 1397 920 1483 sunguine
943 1419 1046 1484 poena
1069 1398 1159 1463 viris.

657 1588 736 1653 IIII.

230 1710 312 1796 Illis,
335 1751 378 1760 —
402 1736 443 1777 ne
466 1713 501 1777 in
523 1712 623 1778 rubro
646 1735 706 1798 me,
729 1737 797 1798 rex,
821 1715 947 1779 mireris
971 1715 1101 1800 umietu⁷
1126 1754 1168 1763 -

284 1818 374 1898 Quos
398 1830 480 1906 pete,
507 1819 674 1886 reddenda
697 1831 745 1884 est
769 1822 927 1906 sunguine
950 1844 1053 1908 poene
1077 1822 1183 1887 rubro,

672 2013 711 2077 V.

231 2135 320 2201 Hine
343 2136 479 2201 rubrum
502 2147 631 2222 tegmen
655 2137 743 2221 mihi,
771 2160 855 2221 nem,
878 2160 974 2224 quem
997 2140 1140 2204 earmine
1163 2140 1265 2226 pulsO,

286 2243 347 2307 Est
369 2266 458 2329 opus,
481 2241 536 2308 ille
559 2266 618 2307 suo
642 2245 800 2330 sunguine
823 2244 927 2331 tinget
950 2244 1094 2310 humum.

665 2438 723 2502 VI.

230 2559 321 2625 Hine
344 2572 472 2647 tegmen
496 2560 631 2626 rubrum
649 2561 725 2647 fero,
749 2562 844 2649 quod,
864 2585 962 2649 quem
978 2563 1120 2628 carmine
1136 2572 1266 2649 gentem

284 2668 450 2754 Insequor,
472 2667 530 2732 illa
553 2691 633 2756 opus
657 2680 713 2752 est,
738 2671 896 2755 sanguine
919 2670 1024 2756 tingat
1047 2669 1191 2733 humum.

230 2987 360 3075 Eequid
384 3011 435 3053 me
459 2989 493 3052 in
516 2989 618 3074 nigre,
642 2988 750 3073 lector,
775 2989 904 3053 minaris
928 2990 1071 3053 amictu?

285 3095 374 3173 Quos
397 3105 479 3182 pete,
502 3094 575 3182 plus
599 3119 694 3182 quam
720 3107 824 3160 atram
847 3118 1051 3183 promeruere
1075 3118 1187 3160 necem
1201 3100 1218 3158 ¹.

684 3431 706 3467 C.

632 3592 767 3655 uenatio.

232 3734 284 3797 De
308 3732 406 3798 latere
428 3736 569 3821 Augusti
593 3736 744 3800 Dantisei
769 3736 809 3799 ud
835 3736 961 3800 moenie
985 3735 1084 3820 missi,

285 3839 388 3925 Regia
411 3840 510 3927 legati
534 3843 589 3928 qui
613 3842 689 3906 data
713 3843 801 3906 iussa
826 3843 940 3907 ferent.

234 4070 243 4100 ¹
263 4071 375 4121 Videtur
394 4080 474 4137 poeta
492 4075 612 4124 carmina
631 4091 680 4125 sua
705 4077 743 4125 De
768 4075 902 4140 legatione
928 4074 1049 4138 prussica
1076 4073 1160 4137 deque
1179 4072 1268 4122 danti-

149 4177 207 4214 sano
227 4161 390 4211 tumultuin
410 4162 511 4227 aliquot
530 4164 695 4229 exemplaria
713 4165 893 4229 descripsisse,
913 4164 1077 4227 alteramque
1097 4177 1188 4212 eorum
1207 4177 1268 4226 pur·

149 4267 179 4302 im
198 4250 344 4302 involucris
364 4251 466 4314 rubris,
498 4253 611 4303 alteram
636 4254 719 4319 nigris
745 4254 880 4315 indutam,
912 4269 959 4317 pro
984 4252 1071 4303 colore
1097 4251 1198 4300 idoneis
1224 4250 1268 4301 hie

149 4339 268 4406 repositis
287 4339 426 4390 versiculis
445 4341 616 4402 instructam.
636 4344 785 4395 Carncovio
805 4345 917 4391 fortusse
940 4349 1057 4402 auctore,
1077 4340 1111 4389 ad
1131 4347 1267 4390 senatores

149 4446 281 4506 *uatesque
307 4435 475 4488 comitiorum
500 4434 691 4484 lublinensinm
716 4448 740 4482 u.
761 4431 830 4483 1569
856 4431 1000 4494 dimisisse5
1027 4437 1098 4481 certe
1121 4428 1270 4478 eiusmodi

149 4528 268 4579 ›usiiium
286 4526 353 4577 hese
372 4525 567 4591 epigrammata
586 4523 708 4587 produnt.
