3016 5310
399 1637 844 1715 CHILIASTICHON
862 1632 882 1712 ¹.

229 1934 526 2002 IOANNI
571 1931 1055 2015 PREREMBIO,

461 2060 588 2111 Poloniee
607 2059 826 2126 procuncellerio,

375 2187 523 2236 PETRUS
542 2186 703 2235 Romus
723 2185 906 2235 MAUREUS

580 2290 606 2346 S.
625 2292 656 2342 P.
675 2292 708 2341 D.

179 2467 314 2530 Carmen
329 2487 350 2528 a
362 2486 410 2530 me
422 2487 522 2549 nuper
534 2464 739 2541 lucubratum,
753 2462 1005 2528 Procaucellarie
1017 2465 1216 2550 amplissime,

65 2596 131 2660 quo
159 2574 325 2658 Aloyst'um
356 2570 576 2657 Iripomauum
615 2571 836 2635 Veronensium
859 2573 1041 2656 episcopum,
1076 2578 1217 2635 sonetum

61 2684 216 2766 piumque
237 2700 346 2762 senem,
369 2679 412 2744 ad
435 2686 550 2743 stolum
566 2679 727 2762 reliqiouis
741 2678 1109 2764 componendum-qua
1126 2678 1164 2742 ele
1183 2698 1217 2742 re

62 2809 86 2850 a
99 2788 214 2871 Paulo,
227 2793 339 2873 quarto
351 2787 417 2851 eius
433 2788 568 2850 uomiuis
578 2785 876 2869 pontificematimo
891 2784 950 2849 leuc
966 2787 1079 2849 missus
1086 2787 1217 2849 veuit—

62 2899 125 2959 aul
148 2895 256 2979 potius
277 2893 321 2958 ad
343 2893 378 2957 id
400 2894 644 2978 aqqrediemlum
669 2892 786 2973 hortor,
820 2893 864 2956 ad
887 2899 915 2955 le
940 2893 1122 2956 mitteuelum
1154 2892 1216 2954 eei·

65 3002 205 3078 stimaoi,
237 3021 300 3065 uou
327 3007 392 3064 tom
420 3001 501 3064 illud
531 3007 566 3064 ut
597 3000 689 3084 leque,
722 3021 815 3084 quam
844 3004 880 3062 ut
908 3001 977 3062 acri
998 3020 1129 3062 cursura
1153 3005 1216 3073 lua,

63 3115 224 3194 quearuum
244 3108 404 3192 plurimae
425 3109 637 3192 maximaeque
660 3108 882 3190 occupationes,
910 3105 1022 3186 quibus
1046 3104 1217 3180 distineris,

57 3215 191 3296 ferum,
221 3214 332 3279 melitis
354 3214 480 3298 reddas,
510 3222 539 3278 el
562 3222 721 3299 tamquam
748 3212 923 3277 Promethei
950 3213 1059 3290 ferula
1091 3213 1218 3276 admota

63 3325 192 3385 animes
211 3322 335 3407 citoque
357 3322 431 3386 iude
452 3329 576 3406 accepto
600 3323 732 3405 incipiat
755 3321 819 3384 elici
843 3327 932 3385 tuum
963 3322 997 3383 iu
1028 3328 1139 3405 tuoque
1163 3339 1217 3383 uo·

64 3431 154 3492 mine
176 3440 338 3513 apparmt‚
362 3430 391 3494 si
413 3429 513 3514 modo,
539 3436 574 3493 ut
596 3431 630 3491 iu
652 3435 796 3513 apertum
823 3428 1020 3512 proferatur,
1052 3428 1134 3512 quod
1165 3435 1217 3491 tuo

65 3536 189 3600 iudicio
211 3534 442 3622 arbitratuique
462 3539 617 3621 permitto,
642 3537 772 3620 diquum
791 3537 964 3620 putaveris.
991 3534 1075 3599 Nom
1100 3542 1132 3597 ut
1148 3537 1217 3598 mil·

65 3649 161 3707 tatur
187 3663 284 3706 mauu
315 3643 562 3730 diuulqelurque‚
595 3664 690 3728 neque
719 3643 824 3706 laboro
856 3663 952 3727 neque
981 3664 1055 3707 soree
1080 3643 1217 3726 postulo,

66 3752 149 3834 quire
171 3751 271 3813 cereri
292 3749 382 3814 debeo
405 3772 467 3814 uou
491 3751 527 3814 ob
550 3772 600 3815 eos
622 3751 771 3833 ltomiues,
796 3752 850 3834 qui
873 3771 952 3814 uoua
967 3750 1128 3833 reliqiouis
1151 3752 1219 3833 opi-

70 3857 164 3919 nione
186 3856 341 3939 distracti,
366 3879 386 3921 a
409 3857 497 3921 uobis
519 3858 718 3942 dissentiunt,
743 3858 857 3942 quippe
880 3877 955 3942 quoe
978 3877 1073 3942 oeque
1095 3858 1128 3919 iu
1151 3877 1218 3919 rua·

72 3979 133 4025 nus
154 3962 278 4048 quidem
301 3969 481 4047 sumpturos
503 3986 628 4029 carrueu
658 3965 715 4029 ltoe
745 3966 943 4049 eaeploratum
967 3964 1069 4043 labeo,
1099 3964 1152 4027 sed
1182 3963 1219 4027 ob

74 4076 236 4150 nostrates,
267 4070 378 4156 quibus
404 4071 478 4136 leaeo
500 4074 692 4156 scripsimus,
725 4095 787 4137 uou
817 4073 985 4151 defuturis,
1016 4079 1051 4135 ut
1077 4071 1221 4156 plerique

76 4183 147 4239 suut
168 4175 305 4242 hmines
328 4178 362 4242 iu
385 4179 487 4243 alieno
510 4181 626 4264 scripto
650 4182 760 4264 lynces,
783 4180 818 4242 iu
842 4201 899 4243 suo
921 4179 1035 4263 talpae.
1074 4177 1135 4258 Qui
1154 4184 1221 4241 stu-

82 4339 281 4355 s——---.-—

184 4433 192 4461 ¹
209 4436 311 4486 Textue
330 4434 409 4486 huius
429 4437 554 4486 carminis
575 4437 670 4486 nititur
689 4435 804 4487 editione
818 4434 990 4486 Cracovienoi
1009 4450 1033 4484 a.
1049 4432 1125 4486 1557.
1147 4435 1218 4484 L'eut

85 4529 135 4570 tum
152 4523 296 4590 exemplari
315 4524 495 4577 bibliothecae
515 4525 676 4576 Ossolineae.
