3016 5310
312 552 634 571 rffl'u'
653 552 762 569 TI:-
769 552 1140 571 ἷ-’τζ-*τὶ--Σῒε
1147 551 1262 558 -““

312 676 428 761 fatigat
452 676 640 763 saepissime
664 676 814 762 precibus
838 675 879 740 de
902 677 1041 761 pecunia
1064 677 1135 740 sive
1157 674 1267 740 debita
1291 673 1364 760 aibi,
1389 675 1456 740 sive

307 783 462 848 affectata
493 782 553 865 (ΙΙ,
586 783 738 866 23-31),
771 781 961 846 Radivilum
992 782 1116 847 Rufum
1148 782 1208 866 (ΙΙ,
1241 782 1305 847 103
1336 786 1395 868 sq.)
1426 791 1457 847 et

309 888 541 979 Myschovium
566 889 621 973 (Π,
647 889 720 974 108,
744 889 797 974 28,
820 889 867 973 ΙΙ)
898 888 967 953 adit
989 911 1047 975 pro
1070 911 1155 953 novo
1178 910 1314 953 munere
1337 910 1357 951 a
1380 910 1457 974 rege
1493 929 1497 939 ·

311 995 524 1082 impetrando,
550 996 591 1061 ab
616 997 800 1081 Augustino
822 995 974 1059 Rotunda
999 995 1094 1082 petit,
1118 1005 1154 1058 ut
1176 1017 1246 1058 rem
1269 1016 1363 1058 suam
1386 994 1457 1080 regi

306 1103 538 1167 commendare
562 1101 641 1168 velit
664 1103 720 1188 (ΙΙ,
745 1104 810 1167 216
835 1126 890 1189 sq,
913 1101 966 1186 V),
991 1124 1011 1165 a
1027 1101 1265 1168 Ghodkievicio
1280 1111 1378 1188 atque
1394 1101 1457 1165 Za-

307 1207 397 1275 levio
421 1209 632 1292 thesaurario,
656 1221 691 1274 ut
715 1209 776 1273 sibi
801 1211 913 1295 pensio
937 1231 1046 1273 annua
1069 1210 1166 1274 citius
1189 1220 1381 1273 numeretur
1401 1207 1457 1292 (Π,

314 1317 386 1400 125,
411 1316 491 1398 XV3
516 1319 602 1401 251),
626 1339 645 1380 a
668 1315 797 1381 Kostka
821 1317 912 1403 equis
930 1317 997 1379 suis
1013 1338 1152 1381 avenam
1169 1315 1206 1399 (Ι,
1223 1315 1310 1398 278),
1335 1337 1355 1379 1
1378 1336 1457 1401 quo-

310 1422 387 1486 dam
419 1421 535 1510 pellem
566 1425 759 1512 promissam
791 1423 851 1507 (ΙΙ,
876 1425 954 1508 234,
977 1422 1150 1506 XLVIII),
1180 1421 1221 1487 ab
1254 1421 1327 1486 aliis
1358 1443 1457 1508 equos

311 1528 369 1615 (ΙΙ,
393 1531 455 1595 201
482 1555 536 1617 sq,
561 1532 616 1612 263
640 1532 715 1613 233,
739 1529 862 1612 XLV);
895 1528 1040 1596 Samueli
1062 1529 1232 1593 Maceovio
1248 1529 1372 1614 gratias
1388 1529 1457 1614 agit

310 1658 370 1722 pro
393 1659 473 1701 auro
496 1637 615 1702 donato
639 1638 695 1722 (ΙΙ,
719 1639 763 1703 50
786 1640 874 1723 sqq),
902 1637 1083 1703 Carncovio
1106 1657 1165 1722 pro
1188 1635 1286 1721 lignis
1310 1634 1353 1698 ad
1377 1633 1458 1698 tola-

311 1742 416 1807 randa
440 1744 563 1830 frigora
586 1745 695 1808 missis
719 1744 774 1828 (ΙΙ,
801 1744 864 1808 165
888 1746 955 1829 sq),
977 1742 1131 1808 Radivilo
1147 1765 1206 1830 pro
1222 1741 1376 1829 sapphiro
1392 1741 1459 1806 lar·

310 1851 378 1935 gito
402 1850 458 1933 (ΙΙ,
484 1852 569 1935 105),
592 1851 762 1917 Scassevio
786 1872 844 1936 pro
868 1849 986 1937 amplis
1011 1850 1200 1914 muneribus
1225 1849 1280 1933 (ΙΙ,
1305 1850 1371 1913 243
1388 1853 1456 1935 sq),

310 1959 461 2041 cervino,
493 1960 647 2024 canonico
676 1957 893 2040 mednicensi,
924 1979 982 2043 pro
1013 1956 1151 2043 hospitio
1183 1967 1279 2043 atque
1296 1956 1457 2043 'piscibus

311 2065 373 2130 sibi
398 2066 506 2129 missis
530 2065 585 2149 (ΙΙ,
611 2066 683 2148 183,
706 2065 749 2147 4),
773 2063 933 2128 Baltazari
959 2064 1139 2129 Simosevio
1163 2085 1221 2150 pro
1237 2085 1319 2149 equo
1337 2062 1456 2129 donato

311 2171 369 2258 (ΙΙ,
392 2173 483 2253 241);
515 2171 769 2257 archimagirum
800 2183 831 2236 et
859 2172 1050 2256 pincernam
1074 2170 1167 2234 aulae
1191 2171 1301 2255 regiae
1325 2169 1456 2235 lacessit

310 2289 442 2366 propter
466 2301 597 2343 mensae
621 2280 701 2343 vitia
725 2278 780 2361 (ΙΙ,
805 2279 891 2361 239),
923 2277 1074 2342 abbatem
1104 2276 1338 2363 pelplincnsem
1367 2277 1457 2342 dete-

310 2396 415 2450 statur
439 2386 478 2451 ob
502 2387 664 2472 potionem
688 2384 939 2449 abominandam
964 2384 1026 2448 sibi
1055 2385 1087 2446 in
1112 2383 1251 2470 hospitio
1274 2386 1456 2470 appositam

311 2492 350 2576 (Ι,
373 2491 465 2574 271);
493 2504 624 2559 accusat
646 2492 814 2558 Grodnam
839 2492 953 2555 urbem
976 2514 1140 2578 pagosque
1163 2491 1256 2556 81111
1280 2500 1312 2553 et
1335 2491 1457 2556 Parca·

309 2599 391 2683 nias,
414 2599 500 2685 quod
524 2600 566 2662 ibi
592 2598 768 2684 aliquando
791 2622 856 2663 non
879 2599 1051 2682 invenerit,
1074 2621 1137 2684 quo
1154 2596 1323 2662 commode
1338 2596 1457 2663 dever-

309 2715 434 2770 teretur
456 2706 494 2790 (Ι,
518 2707 595 2787 2783
620 2705 663 2790 ΙΙ,
689 2708 761 2787 125,
784 2705 882 2786 XIV3
907 2705 993 2789 211),
1017 2705 1164 2790 queritur
1186 2703 1273 2790 apud
1297 2703 1456 2769 Ioannem

310 2810 477 2896 Firleium,
501 2813 593 2898 regni
618 2813 883 2897 mareschalcum,
906 2811 991 2898 quod
1017 2812 1078 2875 sibi
1095 2811 1278 2875 Varsaviae
1299 2810 1456 2877 idoneum

309 2918 484 3005 hospitium
508 2942 572 2983 non
597 2921 638 2983 sit
662 2922 863 3005 assignatum
888 2917 937 2998 (ΙΙ,
963 2920 1024 2984 157
1051 2941 1105 3005 sq,
1129 2917 1281 3000 III-V).
1305 2919 1455 2999 Quarum

309 3024 529 3112 similiumque
563 3027 810 3114 quisquiliarum
847 3025 1048 3090 carminibus
1083 3024 1311 3089 mandaterum
1344 3024 1456 3090 taedia

309 3133 503 3196 minuuntur
537 3134 774 3219 quadamtenus
808 3132 914 3197 forma
944 3132 1084 3217 eleganti
1109 3141 1204 3217 atque
1228 3130 1351 3216 faceta,
1390 3153 1456 3218 qua

309 3261 329 3302 a
352 3238 476 3329 Royzio
499 3240 614 3304 talium
638 3240 761 3304 artifice
784 3241 1004 3326 proferuntur.
1028 3240 1133 3324 Magis
1156 3261 1235 3303 vero
1258 3237 1456 3303 offendimur

309 3347 356 3410 eia
380 3347 590 3430 carminibus,
621 3369 704 3433 quae
735 3347 879 3435 Royzius
910 3369 968 3434 pro
992 3356 1080 3410 certa
1103 3344 1254 3410 mercede
1277 3345 1456 3410 constituta

309 3451 398 3517 haud
422 3473 496 3516 raro
520 3454 657 3540 scripsit,
682 3454 745 3516 nisi
770 3466 895 3540 poetam
920 3454 1083 3519 communi
1107 3451 1196 3516 illius
1219 3452 1292 3516 aevi
1318 3474 1457 3518 consue-

307 3559 421 3624 tudine
445 3570 477 3623 et
500 3560 651 3646 precibus
675 3561 919 3625 ambitiosorum
942 3558 1123 3643 hominum,
1154 3559 1272 3645 quibus
1295 3559 1457 3625 oneraba-

306 3676 361 3730 tur
391 3677 487 3753 atque
518 3666 732 3751 concedebat,
763 3689 921 3731 excusare
953 3666 1123 3730 malumus.
1163 3666 1201 3729 In
1230 3688 1292 3751 quo
1316 3687 1456 3732 numero

307 3784 384 3839 sunt
406 3774 510 3839 multa
533 3774 709 3862 epitaphia,
740 3797 823 3860 quae
846 3796 920 3840 eum
944 3784 1072 3860 praeter
1094 3795 1210 3837 versus
1234 3794 1330 3858 saepe
1354 3774 1456 3838 ctiam

307 3903 437 3966 prosam
462 3883 650 3946 contineant
672 3883 858 3966 orationem,
882 3893 938 3945 aut
962 3880 1098 3946 eandem
1119 3880 1312 3945 sententiam
1330 3879 1455 3968 pluries

306 3988 399 4052 varia
423 3988 528 4053 forma
551 4012 739 4077 expressam
763 3998 919 4075 repetant,
942 3988 1013 4074 ipsa
1032 3988 1191 4052 rationem
1207 4009 1376 4072 usumque,
1400 3989 1456 4053 cui

207 4161 209 4166 ,
306 4093 477 4180 debentur,
500 4097 579 4160 satis
603 4096 722 4162 diserte
746 4094 896 4182 produnt.
927 4094 1017 4174 Quin
1040 4093 1206 4158 nonnullis
1229 4095 1315 4159 11111
1338 4106 1457 4181 peten-

306 4202 396 4266 tibus
420 4203 520 4269 scribi
551 4227 570 4268 a
600 4203 725 4293 Royzio
748 4202 912 4289 epitaphia
941 4203 976 4266 in
1009 4202 1167 4289 sepulcris
1189 4200 1340 4288 ponenda
1364 4213 1457 4268 certa

307 4317 438 4374 exstant
461 4312 600 4397 vestigia
624 4311 680 4396 (ΙΙ,
705 4312 782 4391 139;
808 4312 885 4393 144,
910 4312 988 4392 225,
1012 4311 1098 4391 231).
1125 4310 1287 4374 Martinus
1309 4309 1457 4377 Κηπο-

306 4416 466 4500 novicius,
489 4413 607 4480 nobilis
624 4416 794 4499 Lituanus,
810 4415 942 4505 Royzio,
967 4416 993 4479 si
1010 4415 1253 4502 epithalamium
1270 4415 1331 4480 sibi
1349 4418 1458 4504 scrip-

306 4523 418 4609 sisset,
450 4547 484 4589 se
515 4546 632 4610 equum
664 4523 857 4588 donaturam
888 4523 1052 4609 pollicitus
1082 4532 1139 4587 est.
1178 4522 1251 4601 Quo
1276 4525 1456 4609 composito
