<?xml version="1.0" encoding="UTF-8"?>
<!DOCTYPE html PUBLIC "-//W3C//DTD XHTML 1.0 Transitional//EN"
    "http://www.w3.org/TR/xhtml1/DTD/xhtml1-transitional.dtd">
<html xmlns="http://www.w3.org/1999/xhtml" xml:lang="en" lang="en">
 <head>
  <title>
</title>
<meta http-equiv="Content-Type" content="text/html;charset=utf-8" />
  <meta name='ocr-system' content='tesseract 3.04.00' />
  <meta name='ocr-capabilities' content='ocr_page ocr_carea ocr_par ocr_line ocrx_word'/>
</head>
<body>
  <div class='ocr_page' id='page_1' title='image "./petriroyziimaur01morogoog_0035.png"; bbox 0 0 3016 5310; ppageno 0'>
   <div class='ocr_carea' id='block_1_1' title="bbox 787 460 941 493">
    <p class='ocr_par' dir='ltr' id='par_1_1' title="bbox 787 460 941 493">
     <span class='ocr_line' id='line_1_1' title="bbox 787 460 941 493; baseline 0.013 -2"><span class='ocrx_word' id='word_1_1' title='bbox 787 460 941 493; x_wconf 68' lang='lat' dir='ltr'>ranarum.</span> 
     </span>
    </p>
   </div>
   <div class='ocr_carea' id='block_1_2' title="bbox 296 528 1123 551">
    <p class='ocr_par' dir='ltr' id='par_1_2' title="bbox 296 528 1123 551">
     <span class='ocr_line' id='line_1_2' title="bbox 296 528 1123 551; baseline -0.007 0"><span class='ocrx_word' id='word_1_2' title='bbox 296 544 434 551; x_wconf 83' lang='lat'>——-—.</span> <span class='ocrx_word' id='word_1_3' title='bbox 443 544 448 549; x_wconf 92' lang='lat'><em>.</em></span> <span class='ocrx_word' id='word_1_4' title='bbox 460 544 475 549; x_wconf 91' lang='lat'>..</span> <span class='ocrx_word' id='word_1_5' title='bbox 483 528 1123 549; x_wconf 59' lang='grc' dir='ltr'>--“;..Σ.“;ζ..-.---“.-----</span> 
     </span>
    </p>
   </div>
   <div class='ocr_carea' id='block_1_3' title="bbox 284 651 1442 4585">
    <p class='ocr_par' dir='ltr' id='par_1_3' title="bbox 284 651 1442 2661">
     <span class='ocr_line' id='line_1_3' title="bbox 291 651 1441 739; baseline -0.001 -21"><span class='ocrx_word' id='word_1_6' title='bbox 291 655 402 739; x_wconf 77' lang='lat' dir='ltr'>filiam,</span> <span class='ocrx_word' id='word_1_7' title='bbox 427 664 656 718; x_wconf 80' lang='lat' dir='ltr'><strong>commemorat</strong></span> <span class='ocrx_word' id='word_1_8' title='bbox 680 652 735 734; x_wconf 85' lang='lat' dir='ltr'>(II.</span> <span class='ocrx_word' id='word_1_9' title='bbox 759 654 833 717; x_wconf 75' lang='lat'>221.</span> <span class='ocrx_word' id='word_1_10' title='bbox 859 652 910 734; x_wconf 88' lang='lat' dir='ltr'>V),</span> <span class='ocrx_word' id='word_1_11' title='bbox 934 652 1143 737; x_wconf 77' lang='lat' dir='ltr'>quiescebant</span> <span class='ocrx_word' id='word_1_12' title='bbox 1159 651 1236 714; x_wconf 88' lang='lat' dir='ltr'>data</span> <span class='ocrx_word' id='word_1_13' title='bbox 1256 653 1441 717; x_wconf 76' lang='lat' dir='ltr'>occasione.</span> 
     </span>
     <span class='ocr_line' id='line_1_4' title="bbox 292 758 1442 847; baseline -0.003 -22"><span class='ocrx_word' id='word_1_14' title='bbox 292 764 441 844; x_wconf 74' lang='lat' dir='ltr'>erarum</span> <span class='ocrx_word' id='word_1_15' title='bbox 457 762 597 847; x_wconf 90' lang='lat' dir='ltr'>primum</span> <span class='ocrx_word' id='word_1_16' title='bbox 621 770 809 844; x_wconf 88' lang='lat' dir='ltr'>certumque</span> <span class='ocrx_word' id='word_1_17' title='bbox 825 760 998 844; x_wconf 85' lang='lat' dir='ltr'>vestigium</span> <span class='ocrx_word' id='word_1_18' title='bbox 1020 759 1157 844; x_wconf 80' lang='lat' dir='ltr'>pertinet</span> <span class='ocrx_word' id='word_1_19' title='bbox 1181 758 1222 821; x_wconf 88' lang='lat' dir='ltr'>ad</span> <span class='ocrx_word' id='word_1_20' title='bbox 1246 771 1442 845; x_wconf 87' lang='lat' dir='ltr'>praepoten-</span> 
     </span>
     <span class='ocr_line' id='line_1_5' title="bbox 293 866 1441 951; baseline -0.003 -18"><span class='ocrx_word' id='word_1_21' title='bbox 293 881 357 934; x_wconf 84' lang='lat' dir='ltr'>tem</span> <span class='ocrx_word' id='word_1_22' title='bbox 382 880 450 932; x_wconf 89' lang='lat' dir='ltr'>tum</span> <span class='ocrx_word' id='word_1_23' title='bbox 476 870 508 931; x_wconf 94' lang='lat' dir='ltr'>in</span> <span class='ocrx_word' id='word_1_24' title='bbox 534 868 687 931; x_wconf 87' lang='lat' dir='ltr'>Lituania</span> <span class='ocrx_word' id='word_1_25' title='bbox 711 867 844 951; x_wconf 89' lang='lat' dir='ltr'>ipsoque</span> <span class='ocrx_word' id='word_1_26' title='bbox 866 887 940 929; x_wconf 92' lang='lat' dir='ltr'>cum</span> <span class='ocrx_word' id='word_1_27' title='bbox 961 888 1037 950; x_wconf 83' lang='lat' dir='ltr'>rege</span> <span class='ocrx_word' id='word_1_28' title='bbox 1053 866 1211 929; x_wconf 83' lang='lat' dir='ltr'>affinitate</span> <span class='ocrx_word' id='word_1_29' title='bbox 1228 867 1441 930; x_wconf 68' lang='lat' dir='ltr'>‹roniuuctam</span> 
     </span>
     <span class='ocr_line' id='line_1_6' title="bbox 293 970 1441 1059; baseline -0.003 -19"><span class='ocrx_word' id='word_1_30' title='bbox 293 974 519 1040; x_wconf 85' lang='lat' dir='ltr'>Radivilorum</span> <span class='ocrx_word' id='word_1_31' title='bbox 546 973 687 1036; x_wconf 91' lang='lat' dir='ltr'>domum.</span> <span class='ocrx_word' id='word_1_32' title='bbox 711 972 825 1035; x_wconf 88' lang='lat' dir='ltr'>Ioanni</span> <span class='ocrx_word' id='word_1_33' title='bbox 850 973 945 1054; x_wconf 81' lang='lat' dir='ltr'>enim,</span> <span class='ocrx_word' id='word_1_34' title='bbox 978 971 1053 1035; x_wconf 91' lang='lat' dir='ltr'>duci</span> <span class='ocrx_word' id='word_1_35' title='bbox 1081 972 1114 1033; x_wconf 91' lang='lat' dir='ltr'>in</span> <span class='ocrx_word' id='word_1_36' title='bbox 1147 970 1257 1059; x_wconf 73' lang='lat' dir='ltr'>Olyka</span> <span class='ocrx_word' id='word_1_37' title='bbox 1293 986 1324 1036; x_wconf 88' lang='lat' dir='ltr'>et</span> <span class='ocrx_word' id='word_1_38' title='bbox 1359 972 1441 1036; x_wconf 86' lang='lat' dir='ltr'>Nie-</span> 
     </span>
     <span class='ocr_line' id='line_1_7' title="bbox 293 1078 1440 1167; baseline -0.004 -21"><span class='ocrx_word' id='word_1_39' title='bbox 293 1084 417 1166; x_wconf 72' lang='lat' dir='ltr'>stricte,</span> <span class='ocrx_word' id='word_1_40' title='bbox 441 1082 588 1167; x_wconf 82' lang='lat' dir='ltr'>dapifero</span> <span class='ocrx_word' id='word_1_41' title='bbox 612 1079 743 1164; x_wconf 90' lang='lat' dir='ltr'>lituano,</span> <span class='ocrx_word' id='word_1_42' title='bbox 767 1101 794 1142; x_wconf 90' lang='lat' dir='ltr'>a.</span> <span class='ocrx_word' id='word_1_43' title='bbox 823 1081 906 1142; x_wconf 89' lang='grc'><strong>1551</strong></span> <span class='ocrx_word' id='word_1_44' title='bbox 938 1078 1101 1160; x_wconf 80' lang='lat' dir='ltr'>defuneto,</span> <span class='ocrx_word' id='word_1_45' title='bbox 1143 1080 1338 1165; x_wconf 87' lang='lat' dir='ltr'>conscripsit</span> <span class='ocrx_word' id='word_1_46' title='bbox 1368 1080 1440 1165; x_wconf 90' lang='lat' dir='ltr'>epi-</span> 
     </span>
     <span class='ocr_line' id='line_1_8' title="bbox 292 1184 1440 1276; baseline -0.005 -22"><span class='ocrx_word' id='word_1_47' title='bbox 292 1190 438 1276; x_wconf 81' lang='lat' dir='ltr'>taphium</span> <span class='ocrx_word' id='word_1_48' title='bbox 463 1189 519 1271; x_wconf 86' lang='lat' dir='ltr'>(Il,</span> <span class='ocrx_word' id='word_1_49' title='bbox 543 1189 607 1267; x_wconf 84' lang='lat'>91),</span> <span class='ocrx_word' id='word_1_50' title='bbox 632 1208 770 1270; x_wconf 89' lang='lat' dir='ltr'>cumque</span> <span class='ocrx_word' id='word_1_51' title='bbox 797 1184 909 1249; x_wconf 91' lang='lat' dir='ltr'>eodem</span> <span class='ocrx_word' id='word_1_52' title='bbox 941 1199 1082 1271; x_wconf 89' lang='lat' dir='ltr'>tempore</span> <span class='ocrx_word' id='word_1_53' title='bbox 1113 1184 1257 1267; x_wconf 88' lang='lat' dir='ltr'>Nicolao,</span> <span class='ocrx_word' id='word_1_54' title='bbox 1289 1185 1440 1250; x_wconf 80' lang='lat' dir='ltr'>defuncti</span> 
     </span>
     <span class='ocr_line' id='line_1_9' title="bbox 293 1291 1440 1382; baseline -0.003 -23"><span class='ocrx_word' id='word_1_55' title='bbox 293 1297 386 1359; x_wconf 90' lang='lat' dir='ltr'>fratri</span> <span class='ocrx_word' id='word_1_56' title='bbox 410 1318 573 1382; x_wconf 85' lang='lat' dir='ltr'>germano.</span> <span class='ocrx_word' id='word_1_57' title='bbox 598 1292 740 1380; x_wconf 89' lang='lat' dir='ltr'>palatino</span> <span class='ocrx_word' id='word_1_58' title='bbox 768 1291 918 1367; x_wconf 82' lang='lat' dir='ltr'>vilncnsi,</span> <span class='ocrx_word' id='word_1_59' title='bbox 950 1292 1024 1356; x_wconf 87' lang='lat' dir='ltr'>fidei</span> <span class='ocrx_word' id='word_1_60' title='bbox 1057 1291 1237 1356; x_wconf 88' lang='lat' dir='ltr'>catholicae</span> <span class='ocrx_word' id='word_1_61' title='bbox 1267 1294 1440 1357; x_wconf 81' lang='lat' dir='ltr'>etiamtum</span> 
     </span>
     <span class='ocr_line' id='line_1_10' title="bbox 292 1398 1440 1485; baseline -0.003 -19"><span class='ocrx_word' id='word_1_62' title='bbox 292 1402 431 1479; x_wconf 86' lang='lat' dir='ltr'>addicto,</span> <span class='ocrx_word' id='word_1_63' title='bbox 448 1402 514 1465; x_wconf 87' lang='lat' dir='ltr'>lilia</span> <span class='ocrx_word' id='word_1_64' title='bbox 531 1412 606 1464; x_wconf 90' lang='lat' dir='ltr'>nata</span> <span class='ocrx_word' id='word_1_65' title='bbox 623 1412 715 1481; x_wconf 80' lang='lat' dir='ltr'>essct,</span> <span class='ocrx_word' id='word_1_66' title='bbox 732 1421 883 1485; x_wconf 84' lang='lat' dir='ltr'>prospere</span> <span class='ocrx_word' id='word_1_67' title='bbox 899 1398 932 1461; x_wconf 92' lang='lat' dir='ltr'>id</span> <span class='ocrx_word' id='word_1_68' title='bbox 949 1401 1040 1484; x_wconf 87' lang='lat' dir='ltr'>quasi</span> <span class='ocrx_word' id='word_1_69' title='bbox 1053 1401 1087 1462; x_wconf 90' lang='lat' dir='ltr'>in</span> <span class='ocrx_word' id='word_1_70' title='bbox 1101 1399 1250 1462; x_wconf 89' lang='lat' dir='ltr'>solatium</span> <span class='ocrx_word' id='word_1_71' title='bbox 1263 1399 1440 1463; x_wconf 88' lang='lat' dir='ltr'>damnum-</span> 
     </span>
     <span class='ocr_line' id='line_1_11' title="bbox 292 1505 1439 1596; baseline -0.003 -23"><span class='ocrx_word' id='word_1_72' title='bbox 292 1531 354 1596; x_wconf 93' lang='lat' dir='ltr'>que</span> <span class='ocrx_word' id='word_1_73' title='bbox 378 1507 653 1594; x_wconf 80' lang='lat' dir='ltr'>compensandum</span> <span class='ocrx_word' id='word_1_74' title='bbox 670 1507 817 1569; x_wconf 84' lang='lat' dir='ltr'>evenisse</span> <span class='ocrx_word' id='word_1_75' title='bbox 833 1506 1032 1569; x_wconf 79' lang='lat' dir='ltr'>carminibus</span> <span class='ocrx_word' id='word_1_76' title='bbox 1048 1505 1250 1591; x_wconf 86' lang='lat' dir='ltr'>praedicavit</span> <span class='ocrx_word' id='word_1_77' title='bbox 1266 1506 1322 1589; x_wconf 79' lang='grc' dir='ltr'>(ΙΙ7</span> <span class='ocrx_word' id='word_1_78' title='bbox 1347 1508 1439 1569; x_wconf 79' lang='lat'>92-</span> 
     </span>
     <span class='ocr_line' id='line_1_12' title="bbox 284 1612 1438 1699; baseline -0.003 -18"><span class='ocrx_word' id='word_1_79' title='bbox 284 1618 356 1697; x_wconf 72' lang='grc'>94).</span> <span class='ocrx_word' id='word_1_80' title='bbox 396 1617 514 1681; x_wconf 87' lang='lat' dir='ltr'>Secuta</span> <span class='ocrx_word' id='word_1_81' title='bbox 538 1625 612 1677; x_wconf 89' lang='lat' dir='ltr'>sunt</span> <span class='ocrx_word' id='word_1_82' title='bbox 636 1615 765 1678; x_wconf 91' lang='lat' dir='ltr'>comitia</span> <span class='ocrx_word' id='word_1_83' title='bbox 790 1612 1045 1698; x_wconf 82' lang='lat' dir='ltr'>piotrkoviensia</span> <span class='ocrx_word' id='word_1_84' title='bbox 1069 1636 1096 1676; x_wconf 91' lang='lat' dir='ltr'>a.</span> <span class='ocrx_word' id='word_1_85' title='bbox 1125 1615 1218 1697; x_wconf 78' lang='grc'><strong>1552,</strong></span> <span class='ocrx_word' id='word_1_86' title='bbox 1250 1615 1284 1676; x_wconf 93' lang='lat' dir='ltr'>in</span> <span class='ocrx_word' id='word_1_87' title='bbox 1316 1613 1438 1699; x_wconf 89' lang='lat' dir='ltr'>quibus</span> 
     </span>
     <span class='ocr_line' id='line_1_13' title="bbox 284 1719 1439 1808; baseline -0.002 -23"><span class='ocrx_word' id='word_1_88' title='bbox 284 1721 333 1787; x_wconf 60' lang='lat' dir='ltr'>&gt;de</span> <span class='ocrx_word' id='word_1_89' title='bbox 356 1723 581 1808; x_wconf 89' lang='lat' dir='ltr'>episcoporum</span> <span class='ocrx_word' id='word_1_90' title='bbox 607 1722 674 1783; x_wconf 90' lang='lat' dir='ltr'>iure</span> <span class='ocrx_word' id='word_1_91' title='bbox 698 1719 978 1782; x_wconf 89' lang='lat' dir='ltr'>animadvertendi</span> <span class='ocrx_word' id='word_1_92' title='bbox 1003 1721 1035 1782; x_wconf 93' lang='lat' dir='ltr'>in</span> <span class='ocrx_word' id='word_1_93' title='bbox 1063 1743 1126 1802; x_wconf 73' lang='lat' dir='ltr'>eos,</span> <span class='ocrx_word' id='word_1_94' title='bbox 1151 1743 1230 1804; x_wconf 89' lang='lat' dir='ltr'>quos</span> <span class='ocrx_word' id='word_1_95' title='bbox 1255 1719 1439 1784; x_wconf 86' lang='lat' dir='ltr'>haereticos</span> 
     </span>
     <span class='ocr_line' id='line_1_14' title="bbox 294 1826 1438 1913; baseline -0.002 -21"><span class='ocrx_word' id='word_1_96' title='bbox 294 1829 503 1911; x_wconf 79' lang='lat' dir='ltr'>iudicassent,</span> <span class='ocrx_word' id='word_1_97' title='bbox 528 1829 611 1891; x_wconf 90' lang='lat' dir='ltr'>inter</span> <span class='ocrx_word' id='word_1_98' title='bbox 634 1826 763 1889; x_wconf 84' lang='lat' dir='ltr'>ordines</span> <span class='ocrx_word' id='word_1_99' title='bbox 787 1827 905 1889; x_wconf 85' lang='lat' dir='ltr'>acriter</span> <span class='ocrx_word' id='word_1_100' title='bbox 929 1837 1088 1890; x_wconf 88' lang='lat' dir='ltr'>certatum</span> <span class='ocrx_word' id='word_1_101' title='bbox 1112 1841 1168 1891; x_wconf 88' lang='lat' dir='ltr'>est.</span> <span class='ocrx_word' id='word_1_102' title='bbox 1201 1831 1250 1891; x_wconf 85' lang='lat' dir='ltr'>Ac</span> <span class='ocrx_word' id='word_1_103' title='bbox 1267 1849 1342 1890; x_wconf 90' lang='lat' dir='ltr'>cum</span> <span class='ocrx_word' id='word_1_104' title='bbox 1367 1829 1438 1913; x_wconf 88' lang='lat' dir='ltr'>epi-</span> 
     </span>
     <span class='ocr_line' id='line_1_15' title="bbox 293 1932 1438 2021; baseline -0.001 -22"><span class='ocrx_word' id='word_1_105' title='bbox 293 1937 382 2021; x_wconf 82' lang='lat' dir='ltr'>scopi</span> <span class='ocrx_word' id='word_1_106' title='bbox 407 1934 489 1997; x_wconf 92' lang='lat' dir='ltr'>illud</span> <span class='ocrx_word' id='word_1_107' title='bbox 510 1936 560 1997; x_wconf 90' lang='lat' dir='ltr'>ins</span> <span class='ocrx_word' id='word_1_108' title='bbox 578 1946 611 1996; x_wconf 91' lang='lat' dir='ltr'>ut</span> <span class='ocrx_word' id='word_1_109' title='bbox 629 1933 784 1997; x_wconf 89' lang='lat' dir='ltr'>traditum</span> <span class='ocrx_word' id='word_1_110' title='bbox 801 1932 1009 2018; x_wconf 86' lang='lat' dir='ltr'>debitumque</span> <span class='ocrx_word' id='word_1_111' title='bbox 1026 1933 1088 1997; x_wconf 88' lang='lat' dir='ltr'>sibi</span> <span class='ocrx_word' id='word_1_112' title='bbox 1105 1934 1319 2016; x_wconf 84' lang='lat' dir='ltr'>vindicarent,</span> <span class='ocrx_word' id='word_1_113' title='bbox 1336 1936 1438 1998; x_wconf 88' lang='lat' dir='ltr'>ceteri</span> 
     </span>
     <span class='ocr_line' id='line_1_16' title="bbox 284 2040 1439 2123; baseline -0.001 -18"><span class='ocrx_word' id='word_1_114' title='bbox 284 2053 398 2105; x_wconf 90' lang='lat' dir='ltr'>autem</span> <span class='ocrx_word' id='word_1_115' title='bbox 425 2052 588 2105; x_wconf 81' lang='lat' dir='ltr'>senatores</span> <span class='ocrx_word' id='word_1_116' title='bbox 612 2042 799 2123; x_wconf 72' lang='lat' dir='ltr'>niterentur,</span> <span class='ocrx_word' id='word_1_117' title='bbox 824 2051 859 2101; x_wconf 90' lang='lat' dir='ltr'>ut</span> <span class='ocrx_word' id='word_1_118' title='bbox 882 2062 939 2103; x_wconf 85' lang='lat' dir='ltr'>rex</span> <span class='ocrx_word' id='word_1_119' title='bbox 964 2062 1037 2102; x_wconf 91' lang='lat' dir='ltr'>cum</span> <span class='ocrx_word' id='word_1_120' title='bbox 1062 2051 1127 2103; x_wconf 90' lang='lat' dir='ltr'>toto</span> <span class='ocrx_word' id='word_1_121' title='bbox 1155 2056 1266 2103; x_wconf 88' lang='lat' dir='ltr'>senatu</span> <span class='ocrx_word' id='word_1_122' title='bbox 1296 2040 1439 2105; x_wconf 87' lang='lat' dir='ltr'>haereti-</span> 
     </span>
     <span class='ocr_line' id='line_1_17' title="bbox 292 2147 1438 2234; baseline 0 -22"><span class='ocrx_word' id='word_1_123' title='bbox 292 2171 403 2213; x_wconf 91' lang='lat' dir='ltr'>corum</span> <span class='ocrx_word' id='word_1_124' title='bbox 424 2171 539 2212; x_wconf 90' lang='lat' dir='ltr'>causas</span> <span class='ocrx_word' id='word_1_125' title='bbox 556 2147 794 2232; x_wconf 74' lang='lat' dir='ltr'>dignoscendas</span> <span class='ocrx_word' id='word_1_126' title='bbox 811 2148 975 2233; x_wconf 86' lang='lat' dir='ltr'>suscipere</span> <span class='ocrx_word' id='word_1_127' title='bbox 993 2147 1099 2229; x_wconf 88' lang='lat' dir='ltr'>vellet,</span> <span class='ocrx_word' id='word_1_128' title='bbox 1126 2171 1193 2223; x_wconf 76' lang='lat' dir='ltr'>rex,</span> <span class='ocrx_word' id='word_1_129' title='bbox 1220 2149 1252 2210; x_wconf 90' lang='lat' dir='ltr'>iu</span> <span class='ocrx_word' id='word_1_130' title='bbox 1279 2171 1438 2234; x_wconf 89' lang='lat' dir='ltr'>suspenso</span> 
     </span>
     <span class='ocr_line' id='line_1_18' title="bbox 293 2254 1439 2340; baseline -0.002 -19"><span class='ocrx_word' id='word_1_131' title='bbox 293 2267 401 2322; x_wconf 88' lang='lat' dir='ltr'>cetera</span> <span class='ocrx_word' id='word_1_132' title='bbox 424 2255 620 2340; x_wconf 84' lang='lat' dir='ltr'>relinquens,</span> <span class='ocrx_word' id='word_1_133' title='bbox 644 2277 711 2318; x_wconf 90' lang='lat' dir='ltr'>rem</span> <span class='ocrx_word' id='word_1_134' title='bbox 739 2266 846 2318; x_wconf 89' lang='lat' dir='ltr'>tamen</span> <span class='ocrx_word' id='word_1_135' title='bbox 879 2254 1118 2339; x_wconf 83' lang='lat' dir='ltr'>dignoscendae</span> <span class='ocrx_word' id='word_1_136' title='bbox 1141 2255 1310 2319; x_wconf 85' lang='lat' dir='ltr'>haereseos</span> <span class='ocrx_word' id='word_1_137' title='bbox 1334 2278 1353 2318; x_wconf 88' lang='lat' dir='ltr'>a</span> <span class='ocrx_word' id='word_1_138' title='bbox 1376 2279 1439 2319; x_wconf 87' lang='lat' dir='ltr'>suo</span> 
     </span>
     <span class='ocr_line' id='line_1_19' title="bbox 292 2361 1439 2450; baseline 0 -25"><span class='ocrx_word' id='word_1_139' title='bbox 292 2363 363 2428; x_wconf 85' lang='lat' dir='ltr'>foro</span> <span class='ocrx_word' id='word_1_140' title='bbox 387 2386 457 2427; x_wconf 90' lang='lat' dir='ltr'>esse</span> <span class='ocrx_word' id='word_1_141' title='bbox 481 2361 620 2425; x_wconf 88' lang='lat' dir='ltr'>alienam</span> <span class='ocrx_word' id='word_1_142' title='bbox 645 2362 854 2425; x_wconf 88' lang='lat' dir='ltr'>asseveravit.</span> <span class='ocrx_word' id='word_1_143' title='bbox 882 2361 983 2426; x_wconf 80' lang='lat' dir='ltr'>Cuius</span> <span class='ocrx_word' id='word_1_144' title='bbox 1000 2363 1191 2425; x_wconf 87' lang='lat' dir='ltr'>sententiam</span> <span class='ocrx_word' id='word_1_145' title='bbox 1209 2362 1352 2450; x_wconf 84' lang='lat' dir='ltr'>Royzius</span> <span class='ocrx_word' id='word_1_146' title='bbox 1368 2364 1439 2425; x_wconf 88' lang='lat' dir='ltr'>sin-</span> 
     </span>
     <span class='ocr_line' id='line_1_20' title="bbox 291 2467 1439 2556; baseline 0.001 -24"><span class='ocrx_word' id='word_1_147' title='bbox 291 2469 397 2556; x_wconf 84' lang='lat' dir='ltr'>gulari</span> <span class='ocrx_word' id='word_1_148' title='bbox 422 2471 566 2533; x_wconf 88' lang='lat' dir='ltr'>carmine</span> <span class='ocrx_word' id='word_1_149' title='bbox 591 2479 780 2553; x_wconf 87' lang='lat' dir='ltr'>prosecutus</span> <span class='ocrx_word' id='word_1_150' title='bbox 804 2468 848 2530; x_wconf 90' lang='lat' dir='ltr'>ita</span> <span class='ocrx_word' id='word_1_151' title='bbox 872 2467 1058 2553; x_wconf 73' lang='lat' dir='ltr'>explicavit,</span> <span class='ocrx_word' id='word_1_152' title='bbox 1090 2480 1125 2532; x_wconf 91' lang='lat' dir='ltr'>ut</span> <span class='ocrx_word' id='word_1_153' title='bbox 1149 2491 1258 2553; x_wconf 81' lang='lat' dir='ltr'>regem</span> <span class='ocrx_word' id='word_1_154' title='bbox 1282 2492 1339 2556; x_wconf 91' lang='lat' dir='ltr'>pro</span> <span class='ocrx_word' id='word_1_155' title='bbox 1367 2471 1439 2555; x_wconf 91' lang='lat' dir='ltr'>epi-</span> 
     </span>
     <span class='ocr_line' id='line_1_21' title="bbox 293 2574 1259 2661; baseline -0.001 -22"><span class='ocrx_word' id='word_1_156' title='bbox 293 2598 462 2661; x_wconf 92' lang='lat' dir='ltr'>scoporum</span> <span class='ocrx_word' id='word_1_157' title='bbox 489 2575 633 2660; x_wconf 88' lang='lat' dir='ltr'>partibus</span> <span class='ocrx_word' id='word_1_158' title='bbox 657 2585 742 2637; x_wconf 87' lang='lat' dir='ltr'>stare</span> <span class='ocrx_word' id='word_1_159' title='bbox 766 2574 975 2638; x_wconf 84' lang='lat' dir='ltr'>contenderet</span> <span class='ocrx_word' id='word_1_160' title='bbox 999 2576 1054 2658; x_wconf 67' lang='lat' dir='ltr'>(Il,</span> <span class='ocrx_word' id='word_1_161' title='bbox 1079 2577 1129 2655; x_wconf 76' lang='lat'>14,</span> <span class='ocrx_word' id='word_1_162' title='bbox 1154 2575 1259 2649; x_wconf 90' lang='lat' dir='ltr'>Vlll).</span> 
     </span>
    </p>

    <p class='ocr_par' dir='ltr' id='par_1_4' title="bbox 286 2680 1439 4585">
     <span class='ocr_line' id='line_1_22' title="bbox 399 2680 1439 2767; baseline 0.001 -22"><span class='ocrx_word' id='word_1_163' title='bbox 399 2681 495 2745; x_wconf 89' lang='lat' dir='ltr'>Prole</span> <span class='ocrx_word' id='word_1_164' title='bbox 520 2683 681 2765; x_wconf 59' lang='lat' dir='ltr'>regnique,</span> <span class='ocrx_word' id='word_1_165' title='bbox 698 2680 816 2744; x_wconf 90' lang='lat' dir='ltr'>herede</span> <span class='ocrx_word' id='word_1_166' title='bbox 840 2681 1084 2763; x_wconf 75' lang='lat' dir='ltr'>Sigismundnm</span> <span class='ocrx_word' id='word_1_167' title='bbox 1114 2683 1300 2767; x_wconf 78' lang='lat' dir='ltr'>Augustum</span> <span class='ocrx_word' id='word_1_168' title='bbox 1324 2704 1439 2747; x_wconf 87' lang='lat' dir='ltr'>carere</span> 
     </span>
     <span class='ocr_line' id='line_1_23' title="bbox 293 2787 1439 2874; baseline 0 -21"><span class='ocrx_word' id='word_1_169' title='bbox 293 2811 404 2853; x_wconf 89' lang='lat' dir='ltr'>omues</span> <span class='ocrx_word' id='word_1_170' title='bbox 428 2790 552 2874; x_wconf 84' lang='lat' dir='ltr'>patriae</span> <span class='ocrx_word' id='word_1_171' title='bbox 580 2801 725 2851; x_wconf 88' lang='lat' dir='ltr'>amantes</span> <span class='ocrx_word' id='word_1_172' title='bbox 742 2789 831 2851; x_wconf 86' lang='lat' dir='ltr'>cives</span> <span class='ocrx_word' id='word_1_173' title='bbox 849 2787 978 2851; x_wconf 86' lang='lat' dir='ltr'>solliciti</span> <span class='ocrx_word' id='word_1_174' title='bbox 995 2788 1127 2853; x_wconf 87' lang='lat' dir='ltr'>moleste</span> <span class='ocrx_word' id='word_1_175' title='bbox 1145 2788 1293 2853; x_wconf 87' lang='lat' dir='ltr'>ferebant</span> <span class='ocrx_word' id='word_1_176' title='bbox 1308 2812 1439 2874; x_wconf 83' lang='lat' dir='ltr'>regem-</span> 
     </span>
     <span class='ocr_line' id='line_1_24' title="bbox 291 2895 1438 2981; baseline 0.002 -22"><span class='ocrx_word' id='word_1_177' title='bbox 291 2918 355 2980; x_wconf 86' lang='lat' dir='ltr'>que</span> <span class='ocrx_word' id='word_1_178' title='bbox 379 2918 499 2959; x_wconf 90' lang='lat' dir='ltr'>novum</span> <span class='ocrx_word' id='word_1_179' title='bbox 526 2895 768 2957; x_wconf 86' lang='lat' dir='ltr'>matrimonium</span> <span class='ocrx_word' id='word_1_180' title='bbox 792 2895 932 2980; x_wconf 85' lang='lat' dir='ltr'>experiri</span> <span class='ocrx_word' id='word_1_181' title='bbox 957 2896 1158 2981; x_wconf 84' lang='lat' dir='ltr'>expetebant.</span> <span class='ocrx_word' id='word_1_182' title='bbox 1188 2899 1230 2960; x_wconf 83' lang='lat' dir='ltr'>At</span> <span class='ocrx_word' id='word_1_183' title='bbox 1253 2895 1308 2959; x_wconf 90' lang='lat' dir='ltr'>ille</span> <span class='ocrx_word' id='word_1_184' title='bbox 1333 2919 1438 2961; x_wconf 91' lang='lat' dir='ltr'>unum</span> 
     </span>
     <span class='ocr_line' id='line_1_25' title="bbox 291 3001 1438 3086; baseline 0.002 -22"><span class='ocrx_word' id='word_1_185' title='bbox 291 3023 400 3086; x_wconf 75' lang='lat' dir='ltr'>agene,</span> <span class='ocrx_word' id='word_1_186' title='bbox 425 3013 460 3065; x_wconf 92' lang='lat' dir='ltr'>ut</span> <span class='ocrx_word' id='word_1_187' title='bbox 483 3002 630 3064; x_wconf 88' lang='lat' dir='ltr'>diversas</span> <span class='ocrx_word' id='word_1_188' title='bbox 655 3003 745 3084; x_wconf 80' lang='lat' dir='ltr'>regni</span> <span class='ocrx_word' id='word_1_189' title='bbox 769 3013 876 3086; x_wconf 86' lang='lat' dir='ltr'>partes</span> <span class='ocrx_word' id='word_1_190' title='bbox 901 3001 1010 3065; x_wconf 88' lang='lat' dir='ltr'>stabili</span> <span class='ocrx_word' id='word_1_191' title='bbox 1034 3003 1179 3066; x_wconf 91' lang='lat' dir='ltr'>eiusdem</span> <span class='ocrx_word' id='word_1_192' title='bbox 1210 3004 1291 3065; x_wconf 91' lang='lat' dir='ltr'>iuris</span> <span class='ocrx_word' id='word_1_193' title='bbox 1322 3003 1438 3068; x_wconf 89' lang='lat' dir='ltr'>condi-</span> 
     </span>
     <span class='ocr_line' id='line_1_26' title="bbox 292 3107 1437 3195; baseline 0.002 -23"><span class='ocrx_word' id='word_1_194' title='bbox 292 3109 458 3195; x_wconf 90' lang='lat' dir='ltr'>cionisque</span> <span class='ocrx_word' id='word_1_195' title='bbox 483 3107 614 3172; x_wconf 85' lang='lat' dir='ltr'>vinculo</span> <span class='ocrx_word' id='word_1_196' title='bbox 638 3110 839 3171; x_wconf 88' lang='lat' dir='ltr'>consociatas</span> <span class='ocrx_word' id='word_1_197' title='bbox 869 3108 1091 3194; x_wconf 91' lang='lat' dir='ltr'>derelinquere</span> <span class='ocrx_word' id='word_1_198' title='bbox 1108 3122 1222 3194; x_wconf 86' lang='lat' dir='ltr'>posset,</span> <span class='ocrx_word' id='word_1_199' title='bbox 1239 3111 1271 3172; x_wconf 92' lang='lat' dir='ltr'>in</span> <span class='ocrx_word' id='word_1_200' title='bbox 1291 3131 1437 3174; x_wconf 90' lang='lat' dir='ltr'>maerore</span> 
     </span>
     <span class='ocr_line' id='line_1_27' title="bbox 292 3214 1436 3299; baseline 0.002 -21"><span class='ocrx_word' id='word_1_201' title='bbox 292 3217 431 3279; x_wconf 88' lang='lat' dir='ltr'>amissae</span> <span class='ocrx_word' id='word_1_202' title='bbox 455 3226 529 3279; x_wconf 89' lang='lat' dir='ltr'>ante</span> <span class='ocrx_word' id='word_1_203' title='bbox 554 3215 719 3278; x_wconf 90' lang='lat' dir='ltr'>biennium</span> <span class='ocrx_word' id='word_1_204' title='bbox 737 3215 902 3279; x_wconf 85' lang='lat' dir='ltr'>Barbarae</span> <span class='ocrx_word' id='word_1_205' title='bbox 919 3217 1030 3278; x_wconf 81' lang='lat' dir='ltr'>uxoris</span> <span class='ocrx_word' id='word_1_206' title='bbox 1047 3214 1154 3279; x_wconf 89' lang='lat' dir='ltr'>adhuc</span> <span class='ocrx_word' id='word_1_207' title='bbox 1171 3216 1436 3299; x_wconf 63' lang='lat' dir='ltr'>damnatorias</span> 
     </span>
     <span class='ocr_line' id='line_1_28' title="bbox 292 3320 1436 3407; baseline 0.003 -24"><span class='ocrx_word' id='word_1_208' title='bbox 292 3324 422 3407; x_wconf 89' lang='lat' dir='ltr'>nuptias</span> <span class='ocrx_word' id='word_1_209' title='bbox 447 3344 597 3407; x_wconf 82' lang='lat' dir='ltr'>respuere</span> <span class='ocrx_word' id='word_1_210' title='bbox 623 3320 803 3385; x_wconf 83' lang='lat' dir='ltr'>videbatur.</span> <span class='ocrx_word' id='word_1_211' title='bbox 836 3322 881 3384; x_wconf 90' lang='lat' dir='ltr'>Ut</span> <span class='ocrx_word' id='word_1_212' title='bbox 905 3322 1005 3406; x_wconf 84' lang='lat' dir='ltr'>igitur</span> <span class='ocrx_word' id='word_1_213' title='bbox 1029 3345 1136 3405; x_wconf 82' lang='lat' dir='ltr'>regem</span> <span class='ocrx_word' id='word_1_214' title='bbox 1164 3324 1363 3386; x_wconf 83' lang='lat' dir='ltr'>imminentis</span> <span class='ocrx_word' id='word_1_215' title='bbox 1384 3346 1436 3388; x_wconf 89' lang='lat' dir='ltr'>re-</span> 
     </span>
     <span class='ocr_line' id='line_1_29' title="bbox 291 3427 1437 3516; baseline 0.002 -25"><span class='ocrx_word' id='word_1_216' title='bbox 291 3450 355 3512; x_wconf 80' lang='lat' dir='ltr'>gno</span> <span class='ocrx_word' id='word_1_217' title='bbox 378 3427 514 3514; x_wconf 91' lang='lat' dir='ltr'>periculi</span> <span class='ocrx_word' id='word_1_218' title='bbox 538 3429 829 3491; x_wconf 79' lang='lat' dir='ltr'>commonefaceret</span> <span class='ocrx_word' id='word_1_219' title='bbox 853 3439 884 3491; x_wconf 90' lang='lat' dir='ltr'>et</span> <span class='ocrx_word' id='word_1_220' title='bbox 907 3428 948 3490; x_wconf 91' lang='lat' dir='ltr'>ad</span> <span class='ocrx_word' id='word_1_221' title='bbox 968 3451 1100 3491; x_wconf 82' lang='lat' dir='ltr'>uxorem</span> <span class='ocrx_word' id='word_1_222' title='bbox 1118 3428 1304 3492; x_wconf 88' lang='lat' dir='ltr'>ducendam</span> <span class='ocrx_word' id='word_1_223' title='bbox 1321 3430 1437 3516; x_wconf 91' lang='lat' dir='ltr'>impel-</span> 
     </span>
     <span class='ocr_line' id='line_1_30' title="bbox 292 3533 1435 3623; baseline 0.004 -27"><span class='ocrx_word' id='word_1_224' title='bbox 292 3533 381 3611; x_wconf 84' lang='lat' dir='ltr'>leret,</span> <span class='ocrx_word' id='word_1_225' title='bbox 398 3536 550 3623; x_wconf 77' lang='lat' dir='ltr'>Royzius,</span> <span class='ocrx_word' id='word_1_226' title='bbox 564 3536 633 3599; x_wconf 87' lang='lat' dir='ltr'>sive</span> <span class='ocrx_word' id='word_1_227' title='bbox 650 3559 708 3598; x_wconf 86' lang='lat' dir='ltr'>sua</span> <span class='ocrx_word' id='word_1_228' title='bbox 725 3547 837 3620; x_wconf 87' lang='lat' dir='ltr'>sponte</span> <span class='ocrx_word' id='word_1_229' title='bbox 854 3536 921 3597; x_wconf 88' lang='lat' dir='ltr'>sive</span> <span class='ocrx_word' id='word_1_230' title='bbox 939 3535 979 3598; x_wconf 91' lang='lat' dir='ltr'>ab</span> <span class='ocrx_word' id='word_1_231' title='bbox 996 3535 1104 3620; x_wconf 88' lang='lat' dir='ltr'>aliquo</span> <span class='ocrx_word' id='word_1_232' title='bbox 1121 3537 1287 3610; x_wconf 82' lang='lat' dir='ltr'>inritatus,</span> <span class='ocrx_word' id='word_1_233' title='bbox 1305 3538 1435 3622; x_wconf 89' lang='lat' dir='ltr'>scripsit</span> 
     </span>
     <span class='ocr_line' id='line_1_31' title="bbox 291 3641 1434 3729; baseline 0.003 -24"><span class='ocrx_word' id='word_1_234' title='bbox 291 3641 455 3729; x_wconf 88' lang='lat' dir='ltr'>ediditque</span> <span class='ocrx_word' id='word_1_235' title='bbox 480 3664 589 3705; x_wconf 89' lang='lat' dir='ltr'>mense</span> <span class='ocrx_word' id='word_1_236' title='bbox 621 3644 736 3706; x_wconf 88' lang='lat' dir='ltr'>martio</span> <span class='ocrx_word' id='word_1_237' title='bbox 767 3665 794 3705; x_wconf 91' lang='lat' dir='ltr'>a.</span> <span class='ocrx_word' id='word_1_238' title='bbox 829 3643 914 3707; x_wconf 89' lang='grc'><strong>1553</strong></span> <span class='ocrx_word' id='word_1_239' title='bbox 946 3664 1077 3706; x_wconf 90' lang='lat' dir='ltr'>carmen</span> <span class='ocrx_word' id='word_1_240' title='bbox 1109 3642 1359 3705; x_wconf 89' lang='lat' dir='ltr'>consolatorium</span> <span class='ocrx_word' id='word_1_241' title='bbox 1392 3645 1434 3708; x_wconf 91' lang='lat' dir='ltr'>ad</span> 
     </span>
     <span class='ocr_line' id='line_1_32' title="bbox 290 3747 1434 3835; baseline 0 -22"><span class='ocrx_word' id='word_1_242' title='bbox 290 3747 538 3833; x_wconf 82' lang='lat' dir='ltr'>Sigismundum</span> <span class='ocrx_word' id='word_1_243' title='bbox 562 3751 745 3833; x_wconf 84' lang='lat' dir='ltr'>Augustum</span> <span class='ocrx_word' id='word_1_244' title='bbox 771 3750 807 3830; x_wconf 82' lang='lat' dir='ltr'>(l,</span> <span class='ocrx_word' id='word_1_245' title='bbox 842 3752 905 3814; x_wconf 70' lang='lat'>217</span> <span class='ocrx_word' id='word_1_246' title='bbox 939 3753 1025 3834; x_wconf 86' lang='lat' dir='ltr'>sqq).</span> <span class='ocrx_word' id='word_1_247' title='bbox 1066 3748 1188 3812; x_wconf 83' lang='lat' dir='ltr'>Eodem</span> <span class='ocrx_word' id='word_1_248' title='bbox 1221 3772 1305 3813; x_wconf 89' lang='lat' dir='ltr'>auno</span> <span class='ocrx_word' id='word_1_249' title='bbox 1337 3749 1434 3835; x_wconf 85' lang='lat' dir='ltr'>paulo</span> 
     </span>
     <span class='ocr_line' id='line_1_33' title="bbox 290 3855 1434 3942; baseline 0.002 -23"><span class='ocrx_word' id='word_1_250' title='bbox 290 3868 362 3942; x_wconf 87' lang='lat' dir='ltr'>post</span> <span class='ocrx_word' id='word_1_251' title='bbox 387 3868 533 3920; x_wconf 86' lang='lat' dir='ltr'>secutum</span> <span class='ocrx_word' id='word_1_252' title='bbox 558 3868 606 3918; x_wconf 89' lang='lat' dir='ltr'>cst</span> <span class='ocrx_word' id='word_1_253' title='bbox 630 3878 760 3919; x_wconf 89' lang='lat' dir='ltr'>carmen</span> <span class='ocrx_word' id='word_1_254' title='bbox 794 3856 936 3920; x_wconf 87' lang='lat' dir='ltr'>eiusdem</span> <span class='ocrx_word' id='word_1_255' title='bbox 970 3855 1100 3940; x_wconf 91' lang='lat' dir='ltr'>quidem</span> <span class='ocrx_word' id='word_1_256' title='bbox 1134 3857 1297 3940; x_wconf 87' lang='lat' dir='ltr'>propositi,</span> <span class='ocrx_word' id='word_1_257' title='bbox 1329 3879 1434 3942; x_wconf 87' lang='lat' dir='ltr'>neque</span> 
     </span>
     <span class='ocr_line' id='line_1_34' title="bbox 290 3961 1433 4050; baseline 0.001 -25"><span class='ocrx_word' id='word_1_258' title='bbox 290 3972 398 4025; x_wconf 89' lang='lat' dir='ltr'>tamen</span> <span class='ocrx_word' id='word_1_259' title='bbox 423 3962 464 4024; x_wconf 90' lang='lat' dir='ltr'>ad</span> <span class='ocrx_word' id='word_1_260' title='bbox 490 3985 597 4048; x_wconf 84' lang='lat' dir='ltr'>regem</span> <span class='ocrx_word' id='word_1_261' title='bbox 624 3962 679 4025; x_wconf 93' lang='lat' dir='ltr'>sed</span> <span class='ocrx_word' id='word_1_262' title='bbox 697 3962 737 4024; x_wconf 91' lang='lat' dir='ltr'>ad</span> <span class='ocrx_word' id='word_1_263' title='bbox 755 3961 893 4026; x_wconf 90' lang='lat' dir='ltr'>Polonos</span> <span class='ocrx_word' id='word_1_264' title='bbox 910 3984 1058 4048; x_wconf 87' lang='lat' dir='ltr'>proceres</span> <span class='ocrx_word' id='word_1_265' title='bbox 1075 3962 1315 4046; x_wconf 83' lang='lat' dir='ltr'>elegantissime</span> <span class='ocrx_word' id='word_1_266' title='bbox 1332 3964 1433 4050; x_wconf 81' lang='lat' dir='ltr'>scrip</span> 
     </span>
     <span class='ocr_line' id='line_1_35' title="bbox 290 4068 1435 4154; baseline 0.002 -23"><span class='ocrx_word' id='word_1_267' title='bbox 290 4078 360 4131; x_wconf 91' lang='lat' dir='ltr'>tum</span> <span class='ocrx_word' id='word_1_268' title='bbox 377 4070 414 4152; x_wconf 86' lang='lat' dir='ltr'>(l,</span> <span class='ocrx_word' id='word_1_269' title='bbox 432 4072 494 4133; x_wconf 77' lang='lat'>197</span> <span class='ocrx_word' id='word_1_270' title='bbox 513 4073 592 4154; x_wconf 88' lang='lat' dir='ltr'>sqq).</span> <span class='ocrx_word' id='word_1_271' title='bbox 617 4070 728 4154; x_wconf 81' lang='lat' dir='ltr'>Neque</span> <span class='ocrx_word' id='word_1_272' title='bbox 744 4068 800 4131; x_wconf 91' lang='lat' dir='ltr'>diu</span> <span class='ocrx_word' id='word_1_273' title='bbox 818 4091 951 4154; x_wconf 90' lang='lat' dir='ltr'>prosper</span> <span class='ocrx_word' id='word_1_274' title='bbox 967 4080 1103 4131; x_wconf 88' lang='lat' dir='ltr'>eventus</span> <span class='ocrx_word' id='word_1_275' title='bbox 1126 4079 1234 4154; x_wconf 91' lang='lat' dir='ltr'>optata</span> <span class='ocrx_word' id='word_1_276' title='bbox 1254 4081 1435 4133; x_wconf 89' lang='lat' dir='ltr'>remoratus</span> 
     </span>
     <span class='ocr_line' id='line_1_36' title="bbox 288 4175 1434 4260; baseline 0 -21"><span class='ocrx_word' id='word_1_277' title='bbox 288 4187 346 4239; x_wconf 89' lang='lat' dir='ltr'>est.</span> <span class='ocrx_word' id='word_1_278' title='bbox 363 4175 492 4238; x_wconf 76' lang='lat' dir='ltr'>Etenim</span> <span class='ocrx_word' id='word_1_279' title='bbox 509 4177 574 4238; x_wconf 91' lang='lat' dir='ltr'>iam</span> <span class='ocrx_word' id='word_1_280' title='bbox 591 4187 711 4239; x_wconf 87' lang='lat' dir='ltr'>aestate</span> <span class='ocrx_word' id='word_1_281' title='bbox 735 4175 880 4240; x_wconf 86' lang='lat' dir='ltr'>eiusdem</span> <span class='ocrx_word' id='word_1_282' title='bbox 906 4177 982 4239; x_wconf 92' lang='lat' dir='ltr'>anni</span> <span class='ocrx_word' id='word_1_283' title='bbox 1008 4175 1239 4259; x_wconf 81' lang='lat' dir='ltr'>Sigismundus</span> <span class='ocrx_word' id='word_1_284' title='bbox 1266 4177 1434 4260; x_wconf 81' lang='lat' dir='ltr'>Augustus</span> 
     </span>
     <span class='ocr_line' id='line_1_37' title="bbox 291 4281 1434 4366; baseline -0.001 -19"><span class='ocrx_word' id='word_1_285' title='bbox 291 4281 517 4365; x_wconf 70' lang='lat' dir='ltr'>Gatharinam.</span> <span class='ocrx_word' id='word_1_286' title='bbox 557 4281 720 4345; x_wconf 88' lang='lat' dir='ltr'>ducissam</span> <span class='ocrx_word' id='word_1_287' title='bbox 757 4283 967 4345; x_wconf 86' lang='lat' dir='ltr'>Mantuanam</span> <span class='ocrx_word' id='word_1_288' title='bbox 1004 4281 1153 4366; x_wconf 86' lang='lat' dir='ltr'>viduam,</span> <span class='ocrx_word' id='word_1_289' title='bbox 1193 4281 1434 4346; x_wconf 82' lang='lat' dir='ltr'>Ferdiuandil</span> 
     </span>
     <span class='ocr_line' id='line_1_38' title="bbox 291 4386 1434 4475; baseline 0.004 -25"><span class='ocrx_word' id='word_1_290' title='bbox 291 4386 393 4451; x_wconf 88' lang='lat' dir='ltr'>filiam</span> <span class='ocrx_word' id='word_1_291' title='bbox 417 4388 639 4475; x_wconf 78' lang='lat' dir='ltr'>Elisabesque,</span> <span class='ocrx_word' id='word_1_292' title='bbox 671 4391 793 4475; x_wconf 86' lang='lat' dir='ltr'>primae</span> <span class='ocrx_word' id='word_1_293' title='bbox 809 4389 1011 4473; x_wconf 81' lang='lat' dir='ltr'>Sigismundi</span> <span class='ocrx_word' id='word_1_294' title='bbox 1036 4390 1177 4474; x_wconf 87' lang='lat' dir='ltr'>Augusti</span> <span class='ocrx_word' id='word_1_295' title='bbox 1204 4390 1322 4473; x_wconf 81' lang='lat' dir='ltr'>uxoris,</span> <span class='ocrx_word' id='word_1_296' title='bbox 1346 4413 1434 4455; x_wconf 90' lang='lat' dir='ltr'>soro-</span> 
     </span>
     <span class='ocr_line' id='line_1_39' title="bbox 286 4496 1435 4585; baseline 0.002 -27"><span class='ocrx_word' id='word_1_297' title='bbox 286 4516 369 4579; x_wconf 82' lang='lat' dir='ltr'>rem,</span> <span class='ocrx_word' id='word_1_298' title='bbox 393 4496 427 4558; x_wconf 93' lang='lat' dir='ltr'>in</span> <span class='ocrx_word' id='word_1_299' title='bbox 461 4496 703 4560; x_wconf 90' lang='lat' dir='ltr'>matrimonium</span> <span class='ocrx_word' id='word_1_300' title='bbox 750 4496 853 4580; x_wconf 84' lang='lat' dir='ltr'>duxit,</span> <span class='ocrx_word' id='word_1_301' title='bbox 895 4518 1033 4582; x_wconf 90' lang='lat' dir='ltr'>quarum</span> <span class='ocrx_word' id='word_1_302' title='bbox 1071 4496 1258 4582; x_wconf 87' lang='lat' dir='ltr'>nuptiarum</span> <span class='ocrx_word' id='word_1_303' title='bbox 1297 4519 1435 4585; x_wconf 87' lang='lat' dir='ltr'>appara·</span> 
     </span>
    </p>
   </div>
   <div class='ocr_carea' id='block_1_4' title="bbox 0 0 1512 5310">
    <p class='ocr_par' dir='ltr' id='par_1_5' title="bbox 0 0 1512 5310">
     <span class='ocr_line' id='line_1_40' title="bbox 0 0 1512 5310; baseline 0 1"><span class='ocrx_word' id='word_1_304' title='bbox 0 0 1512 5310; x_wconf 95' lang='lat' dir='ltr'> </span> 
     </span>
    </p>
   </div>
  </div>
 </body>
</html>
