3016 5310
455 447 658 496 transitumn
677 458 828 496 sucrescunt
848 461 867 496 n
886 445 919 495 tr
939 446 1072 496 samaias.
1289 438 1329 511 51

203 518 617 536 ΕἪ--ρᾴ
761 529 868 536 *-

296 648 369 718 Non
392 653 494 719 libata
517 655 616 741 prius,
639 678 697 742 pro
721 656 898 720 maiestatis
920 654 1041 721 honore
1053 661 1072 720 ¹.

293 760 392 824 Nulla
411 762 530 826 etenim
553 761 615 826 hae
637 785 768 827 mensae
791 771 939 827 metuunt
963 764 1091 827 aconita
1113 761 1257 828 malasve

294 867 404 933 Sidere
429 867 488 931 snb
513 878 600 933 certo
624 868 775 934 collectas
799 868 962 933 montibus
987 869 1113 954 herbas,

294 975 447 1038 Demitur
470 986 526 1039 aut
549 974 714 1058 quondam
737 975 823 1061 quod
845 974 934 1062 pullo
957 977 1048 1040 virus
1071 976 1225 1062 equino:²

198 1104 261 1149 rso.
294 1081 432 1147 Securas
455 1083 558 1168 pietas
581 1082 660 1147 facit
683 1091 715 1146 et
738 1081 910 1147 elementia
932 1105 1070 1148 mensas.

381 1188 558 1275 Accipiunt
580 1187 694 1275 epulas
718 1189 804 1274 hinc,
828 1189 972 1253 maxima
993 1189 1146 1276 pondera,
1169 1211 1300 1254 mensae

291 1293 455 1359 Lancibus
478 1295 512 1358 in
535 1294 618 1381 latis,
642 1307 774 1360 centum
797 1318 877 1382 quas
901 1296 1014 1362 ordine
1037 1295 1134 1382 longo

293 1400 499 1488 Adportant⁸
523 1401 636 1464 famuli
660 1412 691 1466 et
715 1425 842 1466 mensas
865 1401 929 1467 late
952 1402 1095 1488 undique
1118 1402 1288 1490 complent.

292 1508 379 1571 Vina
402 1506 520 1572 dehinc
543 1519 683 1594 pergunt
705 1508 883 1573 redolentia
906 1532 1006 1573 suave
1028 1509 1178 1593 ministri,

195 1634 257 1676 isa.
291 1613 410 1693 Qualia
432 1615 604 1700 pampineo
626 1614 786 1679 ditissima
808 1615 941 1702 palmite
965 1614 1088 1680 Lesbos

291 1720 365 1784 Non
387 1720 470 1806 tulit,
494 1733 550 1786 aut
574 1720 674 1786 cellae
699 1722 862 1809 quondam
886 1722 1031 1788 clausere
1054 1722 1206 1787 falernae.

291 1828 378 1894 Puro
400 1851 480 1892 vasa
504 1852 583 1893 auro
607 1831 741 1893 summis
765 1829 990 1916 splendentia⁴
1013 1829 1114 1894 labris

291 1935 469 2021 Accipiunt
492 1958 593 2021 reges,
616 1958 729 2000 mensa
752 1935 828 2000 hinc
854 1947 950 2022 atque
973 1936 1049 2002 inde
1073 1946 1185 2001 secuta

292 2040 407 2105 Omnis
431 2043 594 2128 spumanti
618 2041 709 2128 large
733 2065 766 2106 se
789 2042 908 2129 proluit
932 2065 1019 2107 auro.

195 2168 256 2211 roo.
382 2148 470 2213 Ecce
492 2149 715 2214 instaurantur
738 2173 880 2231 mensae3
905 2151 963 2214 vix
986 2150 1070 2214 ferre
1093 2149 1234 2213 ministri

289 2255 444 2341 Ingentes
467 2266 601 2342 possunt
625 2255 744 2341 lances,
768 2279 849 2343 quas
871 2280 984 2321 mensa
1006 2257 1155 2343 gemiscit

289 2363 448 2449 Accipere
471 2363 646 2449 impositas,
669 2362 886 2450 depressaque
908 2363 1050 2450 pondere
1074 2373 1175 2428 nutat.

290 2469 476 2535 Succedunt
500 2468 603 2556 epulis
627 2469 741 2556 epulae
765 2492 954 2557 semperque
977 2493 1137 2535 novarum

289 2578 457 2662 Apparent
479 2599 587 2640 rerum
611 2577 743 2664 species,
766 2578 848 2640 mira
872 2588 939 2642 arte
961 2587 1102 2664 paratae,

194 2702 256 2747 ias.
291 2682 392 2768 Mille,
416 2684 531 2770 ingens
554 2706 635 2770 opus
659 2693 690 2747 et
713 2705 792 2748 cura
807 2683 960 2769 evigilata
980 2705 1165 2770 coquorum.

287 2788 439 2876 Perpetui
462 2788 516 2854 hic
539 2790 660 2855 mensis
684 2790 745 2854 fert
768 2800 896 2876 tergum
919 2791 1060 2855 immane
1083 2788 1219 2854 bisontis
1229 2793 1250 2874 ⁶,

287 2896 415 2981 Regum
439 2895 609 2961 sollemnes
634 2896 737 2961 asueti
761 2896 915 2962 accedere
938 2919 1075 2981 mensas,

287 3001 435 3067 Occiduo
457 3002 546 3067 haud
569 3004 636 3067 noti
660 3002 749 3068 caelo
772 3014 868 3090 atque
892 3003 1084 3068 cadentibus
1106 3004 1210 3088 astris,

286 3110 465 3195 Attagenas
489 3110 637 3174 volucres
661 3109 715 3175 ille
738 3121 769 3174 et
792 3133 873 3197 quas
896 3110 1037 3175 Phaside
1060 3110 1100 3175 ab
1125 3110 1214 3175 unda

187 3237 251 3281 eoo.
286 3216 341 3281 Ad
364 3239 422 3282 nos
445 3218 578 3304 argivae
601 3217 766 3302 quondam
789 3241 907 3283 vexere
930 3219 1069 3304 carinae,

287 3322 433 3389 Delicias
457 3347 596 3389 mensae.
627 3325 715 3389 Defit
739 3348 799 3390 nec
823 3327 931 3410 regius
955 3326 1031 3410 ales,

288 3430 444 3517 Hesperio
467 3432 597 3517 ignotus
621 3432 721 3517 cae10,
745 3431 932 3519 gallinaque
956 3435 1062 3498 caecis

287 3625 294 3655 ¹
315 3627 398 3676 Totus
422 3626 467 3676 hic
492 3627 621 3677 orationis
649 3626 772 3692 periodus
801 3626 896 3677 mendo
923 3627 1038 3692 quodam
1067 3628 1171 3678 occulto
1199 3628 1321 3679 laborare

182 3714 292 3767 ridetur.

284 3803 407 3871 'lunga
432 3814 481 3856 ant
504 3807 588 3866 virus,
615 3805 685 3870 quod
709 3805 843 3872 quondam
869 3805 984 3856 demitur
1010 3804 1083 3871 pullo
1108 3806 1212 3870 aquino.
1243 3806 1319 3869 Quod

181 3893 351 3962 hippomanes
370 3895 496 3946 dicebant
515 3896 619 3961 antiqui
638 3897 717 3963 (conf.
731 3898 809 3961 Verg.
824 3897 919 3961 Georg.
937 3896 985 3958 lll,
998 3893 1059 3960 28ος
1078 3897 1143 3945 Aen.
1157 3893 1319 3960 1v‚515sq.

180 3984 273 4036 Tiball.
296 3985 330 4048 11,
348 3981 375 4048 4,
393 3983 438 4050 583
456 3985 569 4049 Propert
588 3986 632 4050 lv,
651 3985 676 4048 5,
698 3985 739 4048 183
759 3987 849 4036 iuven.
869 3983 913 4048 Vl,
935 3983 985 4035 132
1005 4000 1043 4048 sq.

285 4072 295 4100 ³
315 4075 363 4124 tls.
383 4076 567 4139 ‚,as.portant“.

283 4163 293 4191 ⁴
315 4165 363 4215 Ma.
383 4165 580 4230 ‚‚spectantia“,
599 4164 667 4228 quod
687 4165 729 4213 vin
750 4165 775 4212 vi
795 4165 902 4229 passiva
921 4165 1008 4228 accipi
1028 4172 1122 4229 potest.

284 4251 375 4304 ‘’sive
393 4255 444 4315 uri,
464 4255 539 4303 bovis
559 4255 607 4303 feri
626 4256 710 4317 (iubs,
731 4256 792 4317 tur),
810 4256 835 4304 J.
856 4255 979 4303 Caesaris
999 4254 1161 4318 temporibus
1181 4254 1320 4304 etiamtum

180 4340 205 4390 in
222 4342 376 4408 Germania,
396 4358 467 4394 nunc
486 4343 572 4393 solum
591 4344 618 4392 in
639 4343 765 4392 bitnania
785 4342 853 4392 silva
871 4342 1073 4393 Bialowieiensi
1092 4342 1214 4392 viventis.
1243 4342 1320 4393 Conf.

180 4431 233 4486 Nic.
254 4432 419 4482 Hussoviani
444 4432 476 4483 de
495 4431 546 4482 hoc
566 4432 676 4482 animali
695 4448 801 4483 carmen
828 4449 844 4482 a
869 4434 905 4481 10.
929 4430 1037 4482 l¹elcaar
1062 4447 1146 4496 nuper
1170 4430 1271 4482 editum
1293 4438 1321 4482 et

179 4521 309 4574 uberrima
327 4521 501 4575 adnotatione
520 4523 694 4576 illustratum.

1179 4607 1213 4663 4³
