<?xml version="1.0" encoding="UTF-8"?>
<!DOCTYPE html PUBLIC "-//W3C//DTD XHTML 1.0 Transitional//EN"
    "http://www.w3.org/TR/xhtml1/DTD/xhtml1-transitional.dtd">
<html xmlns="http://www.w3.org/1999/xhtml" xml:lang="en" lang="en">
 <head>
  <title>
</title>
<meta http-equiv="Content-Type" content="text/html;charset=utf-8" />
  <meta name='ocr-system' content='tesseract 3.04.00' />
  <meta name='ocr-capabilities' content='ocr_page ocr_carea ocr_par ocr_line ocrx_word'/>
</head>
<body>
  <div class='ocr_page' id='page_1' title='image "./petriroyziimaur01morogoog_0295.png"; bbox 0 0 3016 5310; ppageno 0'>
   <div class='ocr_carea' id='block_1_1' title="bbox 205 427 1315 4126">
    <p class='ocr_par' dir='ltr' id='par_1_1' title="bbox 285 427 1196 816">
     <span class='ocr_line' id='line_1_1' title="bbox 653 427 838 463; baseline 0 0"><span class='ocrx_word' id='word_1_1' title='bbox 653 427 731 463; x_wconf 67' lang='lat' dir='ltr'>PETRI</span> <span class='ocrx_word' id='word_1_2' title='bbox 750 428 838 463; x_wconf 70' lang='lat' dir='ltr'>110qu</span> 
     </span>
     <span class='ocr_line' id='line_1_2' title="bbox 285 622 1161 710; baseline 0.001 -24"><span class='ocrx_word' id='word_1_3' title='bbox 285 622 446 688; x_wconf 87' lang='lat' dir='ltr'>Turbaret</span> <span class='ocrx_word' id='word_1_4' title='bbox 468 623 570 687; x_wconf 89' lang='lat' dir='ltr'>vitam</span> <span class='ocrx_word' id='word_1_5' title='bbox 593 623 716 688; x_wconf 89' lang='lat' dir='ltr'>sociam</span> <span class='ocrx_word' id='word_1_6' title='bbox 738 632 771 688; x_wconf 91' lang='lat' dir='ltr'>et</span> <span class='ocrx_word' id='word_1_7' title='bbox 793 622 949 709; x_wconf 79' lang='lat' dir='ltr'>pulchrae</span> <span class='ocrx_word' id='word_1_8' title='bbox 973 624 1038 687; x_wconf 88' lang='lat' dir='ltr'>otia</span> <span class='ocrx_word' id='word_1_9' title='bbox 1060 624 1161 710; x_wconf 89' lang='lat' dir='ltr'>pacis,</span> 
     </span>
     <span class='ocr_line' id='line_1_3' title="bbox 287 728 1196 816; baseline -0.002 -20"><span class='ocrx_word' id='word_1_10' title='bbox 287 729 423 796; x_wconf 78' lang='lat' dir='ltr'>Sanctae</span> <span class='ocrx_word' id='word_1_11' title='bbox 448 752 596 814; x_wconf 88' lang='lat' dir='ltr'>quaeque</span> <span class='ocrx_word' id='word_1_12' title='bbox 620 729 683 794; x_wconf 93' lang='lat' dir='ltr'>sibi</span> <span class='ocrx_word' id='word_1_13' title='bbox 705 728 794 815; x_wconf 85' lang='lat' dir='ltr'>leges</span> <span class='ocrx_word' id='word_1_14' title='bbox 817 730 1013 816; x_wconf 82' lang='lat' dir='ltr'>penitusque</span> <span class='ocrx_word' id='word_1_15' title='bbox 1035 731 1196 796; x_wconf 88' lang='lat' dir='ltr'>verendas</span> 
     </span>
    </p>

    <p class='ocr_par' dir='ltr' id='par_1_2' title="bbox 205 836 1315 1347">
     <span class='ocr_line' id='line_1_4' title="bbox 205 836 1084 920; baseline 0.002 -20"><span class='ocrx_word' id='word_1_16' title='bbox 205 858 252 900; x_wconf 88' lang='grc'>55.</span> <span class='ocrx_word' id='word_1_17' title='bbox 284 836 371 900; x_wconf 92' lang='lat' dir='ltr'>Urbs</span> <span class='ocrx_word' id='word_1_18' title='bbox 394 836 475 920; x_wconf 85' lang='lat' dir='ltr'>fixit,</span> <span class='ocrx_word' id='word_1_19' title='bbox 497 836 647 920; x_wconf 79' lang='lat' dir='ltr'>fixasque</span> <span class='ocrx_word' id='word_1_20' title='bbox 669 838 808 900; x_wconf 88' lang='lat' dir='ltr'>aeternis</span> <span class='ocrx_word' id='word_1_21' title='bbox 831 836 958 900; x_wconf 90' lang='lat' dir='ltr'>iuribus</span> <span class='ocrx_word' id='word_1_22' title='bbox 983 837 1084 902; x_wconf 88' lang='lat' dir='ltr'>auxit.</span> 
     </span>
     <span class='ocr_line' id='line_1_5' title="bbox 288 942 1205 1029; baseline 0.002 -21"><span class='ocrx_word' id='word_1_23' title='bbox 288 943 450 1008; x_wconf 83' lang='lat' dir='ltr'>Gentibus</span> <span class='ocrx_word' id='word_1_24' title='bbox 471 942 549 1008; x_wconf 89' lang='lat' dir='ltr'>hinc</span> <span class='ocrx_word' id='word_1_25' title='bbox 572 945 656 1007; x_wconf 90' lang='lat' dir='ltr'>varii</span> <span class='ocrx_word' id='word_1_26' title='bbox 679 965 793 1028; x_wconf 83' lang='lat' dir='ltr'>mores,</span> <span class='ocrx_word' id='word_1_27' title='bbox 815 942 893 1008; x_wconf 90' lang='lat' dir='ltr'>hine</span> <span class='ocrx_word' id='word_1_28' title='bbox 916 942 1058 1029; x_wconf 89' lang='lat' dir='ltr'>plurima</span> <span class='ocrx_word' id='word_1_29' title='bbox 1081 945 1205 1010; x_wconf 92' lang='lat' dir='ltr'>mundo</span> 
     </span>
     <span class='ocr_line' id='line_1_6' title="bbox 287 1049 1108 1136; baseline 0.001 -22"><span class='ocrx_word' id='word_1_30' title='bbox 287 1050 428 1115; x_wconf 84' lang='lat' dir='ltr'>Diversa</span> <span class='ocrx_word' id='word_1_31' title='bbox 451 1060 482 1115; x_wconf 91' lang='lat' dir='ltr'>et</span> <span class='ocrx_word' id='word_1_32' title='bbox 505 1072 614 1114; x_wconf 88' lang='lat' dir='ltr'>rerum</span> <span class='ocrx_word' id='word_1_33' title='bbox 637 1050 739 1115; x_wconf 87' lang='lat' dir='ltr'>facies</span> <span class='ocrx_word' id='word_1_34' title='bbox 762 1061 793 1115; x_wconf 92' lang='lat' dir='ltr'>et</span> <span class='ocrx_word' id='word_1_35' title='bbox 817 1049 925 1115; x_wconf 90' lang='lat' dir='ltr'>cultus</span> <span class='ocrx_word' id='word_1_36' title='bbox 948 1060 981 1116; x_wconf 88' lang='lat' dir='ltr'>et</span> <span class='ocrx_word' id='word_1_37' title='bbox 1003 1073 1108 1136; x_wconf 88' lang='lat' dir='ltr'>omne,</span> 
     </span>
     <span class='ocr_line' id='line_1_7' title="bbox 287 1155 1315 1244; baseline 0.002 -24"><span class='ocrx_word' id='word_1_38' title='bbox 287 1156 452 1242; x_wconf 76' lang='lat' dir='ltr'>Quicquid</span> <span class='ocrx_word' id='word_1_39' title='bbox 475 1155 596 1221; x_wconf 90' lang='lat' dir='ltr'>habent</span> <span class='ocrx_word' id='word_1_40' title='bbox 611 1155 767 1240; x_wconf 89' lang='lat' dir='ltr'>homines,</span> <span class='ocrx_word' id='word_1_41' title='bbox 790 1158 892 1221; x_wconf 88' lang='lat' dir='ltr'>vitam</span> <span class='ocrx_word' id='word_1_42' title='bbox 908 1157 994 1244; x_wconf 91' lang='lat' dir='ltr'>quod</span> <span class='ocrx_word' id='word_1_43' title='bbox 1011 1167 1133 1244; x_wconf 76' lang='lat' dir='ltr'>spectet</span> <span class='ocrx_word' id='word_1_44' title='bbox 1149 1157 1315 1244; x_wconf 84' lang='lat' dir='ltr'>adipsum</span> 
     </span>
     <span class='ocr_line' id='line_1_8' title="bbox 287 1262 1206 1347; baseline 0.002 -20"><span class='ocrx_word' id='word_1_45' title='bbox 287 1262 451 1328; x_wconf 88' lang='lat' dir='ltr'>Barbarus</span> <span class='ocrx_word' id='word_1_46' title='bbox 473 1263 544 1347; x_wconf 94' lang='lat' dir='ltr'>hoc,</span> <span class='ocrx_word' id='word_1_47' title='bbox 567 1262 648 1326; x_wconf 93' lang='lat' dir='ltr'>illud</span> <span class='ocrx_word' id='word_1_48' title='bbox 673 1263 821 1328; x_wconf 88' lang='lat' dir='ltr'>Graecus</span> <span class='ocrx_word' id='word_1_49' title='bbox 846 1262 907 1328; x_wconf 89' lang='lat' dir='ltr'>sibi</span> <span class='ocrx_word' id='word_1_50' title='bbox 931 1263 1009 1329; x_wconf 88' lang='lat' dir='ltr'>feeit</span> <span class='ocrx_word' id='word_1_51' title='bbox 1031 1263 1206 1329; x_wconf 90' lang='lat' dir='ltr'>honestum</span> 
     </span>
    </p>

    <p class='ocr_par' dir='ltr' id='par_1_3' title="bbox 205 1369 1210 1564">
     <span class='ocr_line' id='line_1_9' title="bbox 205 1369 1210 1457; baseline 0 -21"><span class='ocrx_word' id='word_1_52' title='bbox 205 1394 253 1436; x_wconf 87' lang='lat' dir='ltr'>oo.</span> <span class='ocrx_word' id='word_1_53' title='bbox 284 1371 372 1456; x_wconf 82' lang='lat' dir='ltr'>Lege</span> <span class='ocrx_word' id='word_1_54' title='bbox 395 1393 463 1455; x_wconf 89' lang='lat' dir='ltr'>sua,</span> <span class='ocrx_word' id='word_1_55' title='bbox 486 1370 620 1434; x_wconf 90' lang='lat' dir='ltr'>arbitrio</span> <span class='ocrx_word' id='word_1_56' title='bbox 644 1369 860 1456; x_wconf 89' lang='lat' dir='ltr'>quodcunque</span> <span class='ocrx_word' id='word_1_57' title='bbox 883 1370 1036 1457; x_wconf 86' lang='lat' dir='ltr'>pependit</span> <span class='ocrx_word' id='word_1_58' title='bbox 1060 1371 1101 1436; x_wconf 91' lang='lat' dir='ltr'>ab</span> <span class='ocrx_word' id='word_1_59' title='bbox 1126 1372 1210 1457; x_wconf 89' lang='lat' dir='ltr'>ipso;</span> 
     </span>
     <span class='ocr_line' id='line_1_10' title="bbox 287 1476 1085 1564; baseline -0.001 -22"><span class='ocrx_word' id='word_1_60' title='bbox 287 1476 409 1561; x_wconf 83' lang='lat' dir='ltr'>Cetera,</span> <span class='ocrx_word' id='word_1_61' title='bbox 433 1488 567 1543; x_wconf 88' lang='lat' dir='ltr'>naturae</span> <span class='ocrx_word' id='word_1_62' title='bbox 590 1499 674 1564; x_wconf 86' lang='lat' dir='ltr'>quae</span> <span class='ocrx_word' id='word_1_63' title='bbox 697 1478 846 1563; x_wconf 88' lang='lat' dir='ltr'>proxima</span> <span class='ocrx_word' id='word_1_64' title='bbox 868 1478 949 1562; x_wconf 83' lang='lat' dir='ltr'>visa,</span> <span class='ocrx_word' id='word_1_65' title='bbox 973 1479 1085 1542; x_wconf 89' lang='lat' dir='ltr'>secuti.</span> 
     </span>
    </p>

    <p class='ocr_par' dir='ltr' id='par_1_4' title="bbox 288 1582 1167 1885">
     <span class='ocr_line' id='line_1_11' title="bbox 374 1582 1167 1668; baseline 0 -20"><span class='ocrx_word' id='word_1_66' title='bbox 374 1582 540 1648; x_wconf 83' lang='lat' dir='ltr'>Plurimus</span> <span class='ocrx_word' id='word_1_67' title='bbox 563 1585 686 1648; x_wconf 89' lang='lat' dir='ltr'>interea</span> <span class='ocrx_word' id='word_1_68' title='bbox 710 1583 889 1648; x_wconf 79' lang='lat' dir='ltr'>saeclorum</span> <span class='ocrx_word' id='word_1_69' title='bbox 912 1583 1055 1648; x_wconf 86' lang='lat' dir='ltr'>volvitur</span> <span class='ocrx_word' id='word_1_70' title='bbox 1077 1583 1167 1668; x_wconf 91' lang='lat' dir='ltr'>ordo,</span> 
     </span>
     <span class='ocr_line' id='line_1_12' title="bbox 288 1690 1079 1777; baseline 0 -22"><span class='ocrx_word' id='word_1_71' title='bbox 288 1690 466 1777; x_wconf 85' lang='lat' dir='ltr'>Saeclaque</span> <span class='ocrx_word' id='word_1_72' title='bbox 487 1690 643 1755; x_wconf 88' lang='lat' dir='ltr'>labuntur</span> <span class='ocrx_word' id='word_1_73' title='bbox 666 1690 755 1756; x_wconf 89' lang='lat' dir='ltr'>caelo</span> <span class='ocrx_word' id='word_1_74' title='bbox 778 1701 948 1777; x_wconf 91' lang='lat' dir='ltr'>properata</span> <span class='ocrx_word' id='word_1_75' title='bbox 971 1692 1079 1775; x_wconf 88' lang='lat' dir='ltr'>citato,</span> 
     </span>
     <span class='ocr_line' id='line_1_13' title="bbox 288 1797 1160 1885; baseline 0.001 -25"><span class='ocrx_word' id='word_1_76' title='bbox 288 1797 391 1883; x_wconf 86' lang='lat' dir='ltr'>Inque</span> <span class='ocrx_word' id='word_1_77' title='bbox 414 1820 534 1861; x_wconf 88' lang='lat' dir='ltr'>novum</span> <span class='ocrx_word' id='word_1_78' title='bbox 559 1820 684 1884; x_wconf 91' lang='lat' dir='ltr'>semper</span> <span class='ocrx_word' id='word_1_79' title='bbox 707 1820 767 1861; x_wconf 93' lang='lat' dir='ltr'>sua</span> <span class='ocrx_word' id='word_1_80' title='bbox 789 1820 847 1884; x_wconf 91' lang='lat' dir='ltr'>per</span> <span class='ocrx_word' id='word_1_81' title='bbox 869 1799 1010 1883; x_wconf 85' lang='lat' dir='ltr'>vestigia</span> <span class='ocrx_word' id='word_1_82' title='bbox 1030 1808 1160 1885; x_wconf 90' lang='lat' dir='ltr'>tempus</span> 
     </span>
    </p>

    <p class='ocr_par' dir='ltr' id='par_1_5' title="bbox 207 1903 1282 2418">
     <span class='ocr_line' id='line_1_14' title="bbox 207 1903 1251 1991; baseline -0.002 -20"><span class='ocrx_word' id='word_1_83' title='bbox 207 1926 255 1971; x_wconf 83' lang='grc'>55.</span> <span class='ocrx_word' id='word_1_84' title='bbox 285 1904 426 1989; x_wconf 85' lang='lat' dir='ltr'>Tempus</span> <span class='ocrx_word' id='word_1_85' title='bbox 450 1903 526 1988; x_wconf 87' lang='lat' dir='ltr'>abit,</span> <span class='ocrx_word' id='word_1_86' title='bbox 550 1905 730 1990; x_wconf 90' lang='lat' dir='ltr'>pennisque</span> <span class='ocrx_word' id='word_1_87' title='bbox 753 1903 839 1969; x_wconf 86' lang='lat' dir='ltr'>celer</span> <span class='ocrx_word' id='word_1_88' title='bbox 861 1904 949 1969; x_wconf 88' lang='lat' dir='ltr'>volat</span> <span class='ocrx_word' id='word_1_89' title='bbox 971 1906 1109 1991; x_wconf 83' lang='lat' dir='ltr'>impiger</span> <span class='ocrx_word' id='word_1_90' title='bbox 1132 1926 1251 1969; x_wconf 88' lang='lat' dir='ltr'>annus:</span> 
     </span>
     <span class='ocr_line' id='line_1_15' title="bbox 288 2010 1165 2097; baseline 0 -22"><span class='ocrx_word' id='word_1_91' title='bbox 288 2010 371 2076; x_wconf 82' lang='lat' dir='ltr'>Oum</span> <span class='ocrx_word' id='word_1_92' title='bbox 394 2021 464 2097; x_wconf 90' lang='lat' dir='ltr'>post</span> <span class='ocrx_word' id='word_1_93' title='bbox 488 2032 640 2075; x_wconf 87' lang='lat' dir='ltr'>occasum</span> <span class='ocrx_word' id='word_1_94' title='bbox 663 2011 789 2095; x_wconf 82' lang='lat' dir='ltr'>Troiae,</span> <span class='ocrx_word' id='word_1_95' title='bbox 811 2010 1031 2097; x_wconf 89' lang='lat' dir='ltr'>pulcherrima</span> <span class='ocrx_word' id='word_1_96' title='bbox 1054 2034 1165 2076; x_wconf 89' lang='lat' dir='ltr'>rerum</span> 
     </span>
     <span class='ocr_line' id='line_1_16' title="bbox 288 2116 1282 2205; baseline 0 -23"><span class='ocrx_word' id='word_1_97' title='bbox 288 2116 410 2182; x_wconf 88' lang='lat' dir='ltr'>Orbem</span> <span class='ocrx_word' id='word_1_98' title='bbox 433 2117 510 2181; x_wconf 90' lang='lat' dir='ltr'>olim</span> <span class='ocrx_word' id='word_1_99' title='bbox 534 2118 695 2181; x_wconf 86' lang='lat' dir='ltr'>domitura</span> <span class='ocrx_word' id='word_1_100' title='bbox 718 2128 749 2182; x_wconf 91' lang='lat' dir='ltr'>et</span> <span class='ocrx_word' id='word_1_101' title='bbox 772 2119 879 2203; x_wconf 85' lang='lat' dir='ltr'>gentis</span> <span class='ocrx_word' id='word_1_102' title='bbox 903 2118 1059 2205; x_wconf 91' lang='lat' dir='ltr'>quicquid</span> <span class='ocrx_word' id='word_1_103' title='bbox 1083 2118 1205 2205; x_wconf 90' lang='lat' dir='ltr'>ubique</span> <span class='ocrx_word' id='word_1_104' title='bbox 1228 2128 1282 2200; x_wconf 85' lang='lat' dir='ltr'>est,</span> 
     </span>
     <span class='ocr_line' id='line_1_17' title="bbox 288 2223 1156 2311; baseline 0.001 -24"><span class='ocrx_word' id='word_1_105' title='bbox 288 2224 392 2288; x_wconf 85' lang='lat' dir='ltr'>Roma</span> <span class='ocrx_word' id='word_1_106' title='bbox 415 2224 482 2289; x_wconf 90' lang='lat' dir='ltr'>solo</span> <span class='ocrx_word' id='word_1_107' title='bbox 507 2226 610 2311; x_wconf 83' lang='lat' dir='ltr'>surgit</span> <span class='ocrx_word' id='word_1_108' title='bbox 633 2246 748 2311; x_wconf 90' lang='lat' dir='ltr'>eampo</span> <span class='ocrx_word' id='word_1_109' title='bbox 772 2235 802 2290; x_wconf 91' lang='lat' dir='ltr'>et</span> <span class='ocrx_word' id='word_1_110' title='bbox 826 2236 924 2311; x_wconf 90' lang='lat' dir='ltr'>caput</span> <span class='ocrx_word' id='word_1_111' title='bbox 947 2226 1067 2290; x_wconf 87' lang='lat' dir='ltr'>exserit</span> <span class='ocrx_word' id='word_1_112' title='bbox 1091 2223 1156 2288; x_wconf 89' lang='lat' dir='ltr'>alto</span> 
     </span>
     <span class='ocr_line' id='line_1_18' title="bbox 289 2330 1164 2418; baseline -0.001 -23"><span class='ocrx_word' id='word_1_113' title='bbox 289 2331 521 2418; x_wconf 78' lang='lat' dir='ltr'>Cervicemque</span> <span class='ocrx_word' id='word_1_114' title='bbox 543 2332 662 2394; x_wconf 89' lang='lat' dir='ltr'>minisl</span> <span class='ocrx_word' id='word_1_115' title='bbox 686 2331 786 2397; x_wconf 87' lang='lat' dir='ltr'>fetam</span> <span class='ocrx_word' id='word_1_116' title='bbox 808 2343 839 2396; x_wconf 87' lang='lat' dir='ltr'>et</span> <span class='ocrx_word' id='word_1_117' title='bbox 862 2330 1039 2396; x_wconf 89' lang='lat' dir='ltr'>terroribus</span> <span class='ocrx_word' id='word_1_118' title='bbox 1062 2332 1164 2415; x_wconf 85' lang='lat' dir='ltr'>effert,</span> 
     </span>
    </p>

    <p class='ocr_par' dir='ltr' id='par_1_6' title="bbox 207 2438 1217 2952">
     <span class='ocr_line' id='line_1_19' title="bbox 207 2438 1131 2523; baseline 0.002 -23"><span class='ocrx_word' id='word_1_119' title='bbox 207 2459 255 2500; x_wconf 79' lang='lat' dir='ltr'>ao.</span> <span class='ocrx_word' id='word_1_120' title='bbox 288 2438 379 2503; x_wconf 89' lang='lat' dir='ltr'>Haec</span> <span class='ocrx_word' id='word_1_121' title='bbox 391 2444 411 2523; x_wconf 81' lang='lat'>²,</span> <span class='ocrx_word' id='word_1_122' title='bbox 435 2439 528 2503; x_wconf 91' lang='lat' dir='ltr'>cuius</span> <span class='ocrx_word' id='word_1_123' title='bbox 552 2438 639 2523; x_wconf 86' lang='lat' dir='ltr'>leges</span> <span class='ocrx_word' id='word_1_124' title='bbox 664 2461 754 2509; x_wconf 72' lang='lat' dir='ltr'>cano,</span> <span class='ocrx_word' id='word_1_125' title='bbox 778 2439 871 2502; x_wconf 91' lang='lat' dir='ltr'>cuius</span> <span class='ocrx_word' id='word_1_126' title='bbox 895 2440 967 2502; x_wconf 88' lang='lat' dir='ltr'>iura</span> <span class='ocrx_word' id='word_1_127' title='bbox 989 2459 1131 2502; x_wconf 75' lang='lat' dir='ltr'>renarro,</span> 
     </span>
     <span class='ocr_line' id='line_1_20' title="bbox 288 2544 1173 2630; baseline 0 -22"><span class='ocrx_word' id='word_1_128' title='bbox 288 2544 455 2630; x_wconf 89' lang='lat' dir='ltr'>Romulus,</span> <span class='ocrx_word' id='word_1_129' title='bbox 477 2545 565 2608; x_wconf 89' lang='lat' dir='ltr'>idem</span> <span class='ocrx_word' id='word_1_130' title='bbox 588 2554 701 2609; x_wconf 86' lang='lat' dir='ltr'>auctor</span> <span class='ocrx_word' id='word_1_131' title='bbox 723 2567 781 2609; x_wconf 85' lang='lat' dir='ltr'>rex</span> <span class='ocrx_word' id='word_1_132' title='bbox 804 2555 836 2610; x_wconf 91' lang='lat' dir='ltr'>et</span> <span class='ocrx_word' id='word_1_133' title='bbox 858 2546 1054 2609; x_wconf 88' lang='lat' dir='ltr'>iustissimus</span> <span class='ocrx_word' id='word_1_134' title='bbox 1078 2567 1173 2630; x_wconf 91' lang='lat' dir='ltr'>unus,</span> 
     </span>
     <span class='ocr_line' id='line_1_21' title="bbox 289 2650 1139 2738; baseline 0.001 -24"><span class='ocrx_word' id='word_1_135' title='bbox 289 2652 454 2738; x_wconf 88' lang='lat' dir='ltr'>Principio</span> <span class='ocrx_word' id='word_1_136' title='bbox 474 2651 627 2736; x_wconf 89' lang='lat' dir='ltr'>arbitriis,</span> <span class='ocrx_word' id='word_1_137' title='bbox 651 2674 715 2715; x_wconf 93' lang='lat' dir='ltr'>non</span> <span class='ocrx_word' id='word_1_138' title='bbox 738 2652 809 2716; x_wconf 90' lang='lat' dir='ltr'>iure</span> <span class='ocrx_word' id='word_1_139' title='bbox 833 2661 889 2715; x_wconf 91' lang='lat' dir='ltr'>aut</span> <span class='ocrx_word' id='word_1_140' title='bbox 912 2651 1040 2737; x_wconf 87' lang='lat' dir='ltr'>legibus</span> <span class='ocrx_word' id='word_1_141' title='bbox 1063 2650 1139 2715; x_wconf 90' lang='lat' dir='ltr'>ullis</span> 
     </span>
     <span class='ocr_line' id='line_1_22' title="bbox 289 2758 1070 2845; baseline 0 -24"><span class='ocrx_word' id='word_1_142' title='bbox 289 2758 388 2823; x_wconf 86' lang='lat' dir='ltr'>Rexit</span> <span class='ocrx_word' id='word_1_143' title='bbox 410 2759 512 2844; x_wconf 83' lang='lat' dir='ltr'>regali</span> <span class='ocrx_word' id='word_1_144' title='bbox 536 2781 695 2845; x_wconf 75' lang='lat' dir='ltr'>peragens</span> <span class='ocrx_word' id='word_1_145' title='bbox 718 2759 823 2823; x_wconf 90' lang='lat' dir='ltr'>bonus</span> <span class='ocrx_word' id='word_1_146' title='bbox 848 2759 956 2822; x_wconf 89' lang='lat' dir='ltr'>omnia</span> <span class='ocrx_word' id='word_1_147' title='bbox 980 2768 1070 2822; x_wconf 92' lang='lat' dir='ltr'>nutu.</span> 
     </span>
     <span class='ocr_line' id='line_1_23' title="bbox 288 2864 1217 2952; baseline 0 -24"><span class='ocrx_word' id='word_1_148' title='bbox 288 2864 480 2930; x_wconf 86' lang='lat' dir='ltr'>Romulidae</span> <span class='ocrx_word' id='word_1_149' title='bbox 503 2864 588 2929; x_wconf 86' lang='lat' dir='ltr'>hanc</span> <span class='ocrx_word' id='word_1_150' title='bbox 612 2866 713 2928; x_wconf 86' lang='lat' dir='ltr'>vitam</span> <span class='ocrx_word' id='word_1_151' title='bbox 737 2865 850 2952; x_wconf 89' lang='lat' dir='ltr'>primis</span> <span class='ocrx_word' id='word_1_152' title='bbox 874 2864 1002 2929; x_wconf 88' lang='lat' dir='ltr'>coluere</span> <span class='ocrx_word' id='word_1_153' title='bbox 1025 2864 1086 2928; x_wconf 87' lang='lat' dir='ltr'>sub</span> <span class='ocrx_word' id='word_1_154' title='bbox 1111 2865 1217 2950; x_wconf 89' lang='lat' dir='ltr'>annis,</span> 
     </span>
    </p>

    <p class='ocr_par' dir='ltr' id='par_1_7' title="bbox 208 2972 1213 3485">
     <span class='ocr_line' id='line_1_24' title="bbox 208 2972 1126 3058; baseline 0 -23"><span class='ocrx_word' id='word_1_155' title='bbox 208 2993 256 3037; x_wconf 79' lang='lat' dir='ltr'>aa.</span> <span class='ocrx_word' id='word_1_156' title='bbox 287 2972 401 3036; x_wconf 92' lang='lat' dir='ltr'>Donec</span> <span class='ocrx_word' id='word_1_157' title='bbox 425 2972 580 3058; x_wconf 82' lang='lat' dir='ltr'>adaugeri</span> <span class='ocrx_word' id='word_1_158' title='bbox 602 2972 787 3058; x_wconf 86' lang='lat' dir='ltr'>passimque</span> <span class='ocrx_word' id='word_1_159' title='bbox 811 2993 997 3037; x_wconf 87' lang='lat' dir='ltr'>accrescere</span> <span class='ocrx_word' id='word_1_160' title='bbox 1020 2972 1126 3056; x_wconf 89' lang='lat' dir='ltr'>coepit</span> 
     </span>
     <span class='ocr_line' id='line_1_25' title="bbox 289 3077 1213 3165; baseline 0 -24"><span class='ocrx_word' id='word_1_161' title='bbox 289 3078 400 3163; x_wconf 86' lang='lat' dir='ltr'>Roma,</span> <span class='ocrx_word' id='word_1_162' title='bbox 424 3102 588 3165; x_wconf 87' lang='lat' dir='ltr'>novosque</span> <span class='ocrx_word' id='word_1_163' title='bbox 611 3079 763 3164; x_wconf 87' lang='lat' dir='ltr'>frequens</span> <span class='ocrx_word' id='word_1_164' title='bbox 786 3078 868 3142; x_wconf 87' lang='lat' dir='ltr'>vidit</span> <span class='ocrx_word' id='word_1_165' title='bbox 892 3077 1035 3143; x_wconf 84' lang='lat' dir='ltr'>fecunda</span> <span class='ocrx_word' id='word_1_166' title='bbox 1058 3078 1213 3158; x_wconf 76' lang='lat' dir='ltr'>Quirites.</span> 
     </span>
     <span class='ocr_line' id='line_1_26' title="bbox 289 3184 1175 3271; baseline 0.002 -24"><span class='ocrx_word' id='word_1_167' title='bbox 289 3185 383 3249; x_wconf 87' lang='lat' dir='ltr'>Tunc</span> <span class='ocrx_word' id='word_1_168' title='bbox 407 3186 526 3250; x_wconf 90' lang='lat' dir='ltr'>etenim</span> <span class='ocrx_word' id='word_1_169' title='bbox 549 3185 650 3249; x_wconf 91' lang='lat' dir='ltr'>denas</span> <span class='ocrx_word' id='word_1_170' title='bbox 675 3185 765 3249; x_wconf 92' lang='lat' dir='ltr'>urbis</span> <span class='ocrx_word' id='word_1_171' title='bbox 789 3196 880 3271; x_wconf 90' lang='lat' dir='ltr'>pater</span> <span class='ocrx_word' id='word_1_172' title='bbox 903 3184 1035 3250; x_wconf 89' lang='lat' dir='ltr'>inclitus</span> <span class='ocrx_word' id='word_1_173' title='bbox 1058 3194 1090 3248; x_wconf 90' lang='lat' dir='ltr'>et</span> <span class='ocrx_word' id='word_1_174' title='bbox 1113 3206 1175 3249; x_wconf 88' lang='lat' dir='ltr'>rex</span> 
     </span>
     <span class='ocr_line' id='line_1_27' title="bbox 289 3291 1189 3379; baseline -0.002 -23"><span class='ocrx_word' id='word_1_175' title='bbox 289 3291 448 3356; x_wconf 87' lang='lat' dir='ltr'>Romulus</span> <span class='ocrx_word' id='word_1_176' title='bbox 470 3293 505 3355; x_wconf 93' lang='lat' dir='ltr'>in</span> <span class='ocrx_word' id='word_1_177' title='bbox 528 3302 635 3378; x_wconf 89' lang='lat' dir='ltr'>partes</span> <span class='ocrx_word' id='word_1_178' title='bbox 659 3291 814 3379; x_wconf 90' lang='lat' dir='ltr'>populum</span> <span class='ocrx_word' id='word_1_179' title='bbox 837 3303 886 3356; x_wconf 87' lang='lat' dir='ltr'>ter</span> <span class='ocrx_word' id='word_1_180' title='bbox 909 3291 1027 3356; x_wconf 89' lang='lat' dir='ltr'>dividit</span> <span class='ocrx_word' id='word_1_181' title='bbox 1050 3313 1189 3375; x_wconf 90' lang='lat' dir='ltr'>omnem,</span> 
     </span>
     <span class='ocr_line' id='line_1_28' title="bbox 290 3398 1128 3485; baseline -0.002 -22"><span class='ocrx_word' id='word_1_182' title='bbox 290 3398 390 3463; x_wconf 84' lang='lat' dir='ltr'>Curia</span> <span class='ocrx_word' id='word_1_183' title='bbox 412 3400 503 3485; x_wconf 91' lang='lat' dir='ltr'>queis</span> <span class='ocrx_word' id='word_1_184' title='bbox 527 3421 644 3463; x_wconf 91' lang='lat' dir='ltr'>nomen</span> <span class='ocrx_word' id='word_1_185' title='bbox 667 3409 852 3485; x_wconf 88' lang='lat' dir='ltr'>torquentes</span> <span class='ocrx_word' id='word_1_186' title='bbox 875 3409 1006 3484; x_wconf 91' lang='lat' dir='ltr'>pectora</span> <span class='ocrx_word' id='word_1_187' title='bbox 1029 3419 1128 3462; x_wconf 89' lang='lat' dir='ltr'>curae</span> 
     </span>
    </p>

    <p class='ocr_par' dir='ltr' id='par_1_8' title="bbox 208 3504 1151 3593">
     <span class='ocr_line' id='line_1_29' title="bbox 208 3504 1151 3593; baseline -0.001 -23"><span class='ocrx_word' id='word_1_188' title='bbox 208 3527 256 3570; x_wconf 87' lang='lat' dir='ltr'>eo.</span> <span class='ocrx_word' id='word_1_189' title='bbox 288 3505 458 3590; x_wconf 84' lang='lat' dir='ltr'>Fecerunt,</span> <span class='ocrx_word' id='word_1_190' title='bbox 481 3505 545 3569; x_wconf 93' lang='lat' dir='ltr'>illis</span> <span class='ocrx_word' id='word_1_191' title='bbox 568 3507 720 3591; x_wconf 87' lang='lat' dir='ltr'>quoniam</span> <span class='ocrx_word' id='word_1_192' title='bbox 746 3504 929 3590; x_wconf 90' lang='lat' dir='ltr'>respublica</span> <span class='ocrx_word' id='word_1_193' title='bbox 953 3527 1059 3570; x_wconf 89' lang='lat' dir='ltr'>curae.</span> <span class='ocrx_word' id='word_1_194' title='bbox 1146 3584 1151 3593; x_wconf 93' lang='lat'>.</span> 
     </span>
    </p>

    <p class='ocr_par' dir='ltr' id='par_1_9' title="bbox 291 3611 1258 3698">
     <span class='ocr_line' id='line_1_30' title="bbox 291 3611 1258 3698; baseline -0.003 -23"><span class='ocrx_word' id='word_1_195' title='bbox 291 3613 356 3677; x_wconf 91' lang='lat' dir='ltr'>Hic</span> <span class='ocrx_word' id='word_1_196' title='bbox 378 3612 465 3697; x_wconf 82' lang='lat' dir='ltr'>leges</span> <span class='ocrx_word' id='word_1_197' title='bbox 489 3611 564 3676; x_wconf 90' lang='lat' dir='ltr'>tulit</span> <span class='ocrx_word' id='word_1_198' title='bbox 587 3612 629 3675; x_wconf 94' lang='lat' dir='ltr'>ad</span> <span class='ocrx_word' id='word_1_199' title='bbox 652 3611 808 3698; x_wconf 87' lang='lat' dir='ltr'>populum</span> <span class='ocrx_word' id='word_1_200' title='bbox 831 3620 862 3676; x_wconf 86' lang='lat' dir='ltr'>et</span> <span class='ocrx_word' id='word_1_201' title='bbox 886 3612 1092 3675; x_wconf 90' lang='lat' dir='ltr'>sanctissima</span> <span class='ocrx_word' id='word_1_202' title='bbox 1113 3611 1258 3697; x_wconf 90' lang='lat' dir='ltr'>primum</span> 
     </span>
    </p>

    <p class='ocr_par' dir='ltr' id='par_1_10' title="bbox 291 3718 1103 3805">
     <span class='ocr_line' id='line_1_31' title="bbox 291 3718 1103 3805; baseline -0.002 -22"><span class='ocrx_word' id='word_1_203' title='bbox 291 3720 369 3783; x_wconf 90' lang='lat' dir='ltr'>Iura</span> <span class='ocrx_word' id='word_1_204' title='bbox 392 3719 493 3798; x_wconf 83' lang='lat' dir='ltr'>dedit3</span> <span class='ocrx_word' id='word_1_205' title='bbox 516 3742 608 3805; x_wconf 87' lang='lat' dir='ltr'>reges</span> <span class='ocrx_word' id='word_1_206' title='bbox 632 3728 663 3783; x_wconf 93' lang='lat' dir='ltr'>et</span> <span class='ocrx_word' id='word_1_207' title='bbox 686 3718 773 3782; x_wconf 89' lang='lat' dir='ltr'>idem</span> <span class='ocrx_word' id='word_1_208' title='bbox 795 3719 902 3783; x_wconf 82' lang='lat' dir='ltr'>secere</span> <span class='ocrx_word' id='word_1_209' title='bbox 926 3727 1103 3803; x_wconf 83' lang='lat' dir='ltr'>sequentes.</span> 
     </span>
    </p>

    <p class='ocr_par' dir='ltr' id='par_1_11' title="bbox 290 3823 1160 3911">
     <span class='ocr_line' id='line_1_32' title="bbox 290 3823 1160 3911; baseline -0.003 -21"><span class='ocrx_word' id='word_1_210' title='bbox 290 3828 329 3891; x_wconf 93' lang='lat' dir='ltr'>ln</span> <span class='ocrx_word' id='word_1_211' title='bbox 352 3827 473 3891; x_wconf 90' lang='lat' dir='ltr'>librum</span> <span class='ocrx_word' id='word_1_212' title='bbox 496 3825 554 3889; x_wconf 88' lang='lat' dir='ltr'>has</span> <span class='ocrx_word' id='word_1_213' title='bbox 578 3848 688 3890; x_wconf 89' lang='lat' dir='ltr'>omnes</span> <span class='ocrx_word' id='word_1_214' title='bbox 712 3823 860 3889; x_wconf 85' lang='lat' dir='ltr'>retulisse</span> <span class='ocrx_word' id='word_1_215' title='bbox 882 3825 1032 3911; x_wconf 90' lang='lat' dir='ltr'>Papirius</span> <span class='ocrx_word' id='word_1_216' title='bbox 1057 3846 1160 3887; x_wconf 91' lang='lat' dir='ltr'>unum</span> 
     </span>
    </p>

    <p class='ocr_par' dir='ltr' id='par_1_12' title="bbox 209 3929 1203 4126">
     <span class='ocr_line' id='line_1_33' title="bbox 290 3929 1203 4018; baseline -0.003 -22"><span class='ocrx_word' id='word_1_217' title='bbox 290 3934 416 4017; x_wconf 83' lang='lat' dir='ltr'>Fertur,</span> <span class='ocrx_word' id='word_1_218' title='bbox 439 3956 503 3997; x_wconf 92' lang='lat' dir='ltr'>non</span> <span class='ocrx_word' id='word_1_219' title='bbox 527 3955 641 4018; x_wconf 84' lang='lat' dir='ltr'>passus</span> <span class='ocrx_word' id='word_1_220' title='bbox 665 3932 834 4018; x_wconf 80' lang='lat' dir='ltr'>spargine</span> <span class='ocrx_word' id='word_1_221' title='bbox 857 3932 977 4017; x_wconf 90' lang='lat' dir='ltr'>passim</span> <span class='ocrx_word' id='word_1_222' title='bbox 1001 3932 1049 3995; x_wconf 89' lang='lat' dir='ltr'>ire</span> <span class='ocrx_word' id='word_1_223' title='bbox 1071 3929 1203 3994; x_wconf 87' lang='lat' dir='ltr'>solutas.</span> 
     </span>
     <span class='ocr_line' id='line_1_34' title="bbox 209 4037 1065 4126; baseline -0.008 -20"><span class='ocrx_word' id='word_1_224' title='bbox 209 4062 256 4106; x_wconf 83' lang='grc'>55.</span> <span class='ocrx_word' id='word_1_225' title='bbox 288 4040 370 4106; x_wconf 90' lang='lat' dir='ltr'>Inde</span> <span class='ocrx_word' id='word_1_226' title='bbox 392 4041 618 4126; x_wconf 78' lang='lat' dir='ltr'>papiriacum³</span> <span class='ocrx_word' id='word_1_227' title='bbox 641 4049 764 4103; x_wconf 87' lang='lat' dir='ltr'>mutato</span> <span class='ocrx_word' id='word_1_228' title='bbox 787 4040 916 4102; x_wconf 90' lang='lat' dir='ltr'>nomine</span> <span class='ocrx_word' id='word_1_229' title='bbox 940 4037 1065 4101; x_wconf 91' lang='lat' dir='ltr'>dictum</span> 
     </span>
    </p>
   </div>
   <div class='ocr_carea' id='block_1_2' title="bbox 292 4227 1321 4470">
    <p class='ocr_par' dir='ltr' id='par_1_13' title="bbox 292 4227 1321 4470">
     <span class='ocr_line' id='line_1_35' title="bbox 293 4227 526 4293; baseline -0.004 -16"><span class='ocrx_word' id='word_1_230' title='bbox 293 4227 301 4256; x_wconf 84' lang='lat'>¹</span> <span class='ocrx_word' id='word_1_231' title='bbox 320 4230 384 4277; x_wconf 80' lang='lat' dir='ltr'>Mes.</span> <span class='ocrx_word' id='word_1_232' title='bbox 405 4227 526 4293; x_wconf 81' lang='lat' dir='ltr'>„nimis“.</span> 
     </span>
     <span class='ocr_line' id='line_1_36' title="bbox 292 4315 518 4380; baseline 0 -14"><span class='ocrx_word' id='word_1_233' title='bbox 292 4315 384 4368; x_wconf 76' lang='lat' dir='ltr'>&#39;llus</span> <span class='ocrx_word' id='word_1_234' title='bbox 406 4317 518 4380; x_wconf 83' lang='lat' dir='ltr'>,hanc“.</span> 
     </span>
     <span class='ocr_line' id='line_1_37' title="bbox 292 4400 1321 4470; baseline -0.007 -14"><span class='ocrx_word' id='word_1_235' title='bbox 292 4403 365 4456; x_wconf 76' lang='lat' dir='ltr'>lSic</span> <span class='ocrx_word' id='word_1_236' title='bbox 392 4422 463 4469; x_wconf 79' lang='lat' dir='ltr'>mss,</span> <span class='ocrx_word' id='word_1_237' title='bbox 492 4421 544 4454; x_wconf 89' lang='lat' dir='ltr'>nen</span> <span class='ocrx_word' id='word_1_238' title='bbox 575 4404 786 4470; x_wconf 85' lang='lat' dir='ltr'>,papirianum“.</span> <span class='ocrx_word' id='word_1_239' title='bbox 823 4404 898 4453; x_wconf 80' lang='lat' dir='ltr'>Cont‘.</span> <span class='ocrx_word' id='word_1_240' title='bbox 927 4401 1049 4453; x_wconf 82' lang='lat' dir='ltr'>Teuffelii</span> <span class='ocrx_word' id='word_1_241' title='bbox 1080 4402 1152 4452; x_wconf 82' lang='lat' dir='ltr'>llist.</span> <span class='ocrx_word' id='word_1_242' title='bbox 1180 4400 1233 4452; x_wconf 79' lang='lat' dir='ltr'>litt</span> <span class='ocrx_word' id='word_1_243' title='bbox 1262 4414 1321 4450; x_wconf 81' lang='lat' dir='ltr'>rom.</span> 
     </span>
    </p>
   </div>
   <div class='ocr_carea' id='block_1_3' title="bbox 184 4494 339 4564">
    <p class='ocr_par' dir='ltr' id='par_1_14' title="bbox 184 4494 339 4564">
     <span class='ocr_line' id='line_1_38' title="bbox 184 4494 339 4564; baseline -0.013 -17"><span class='ocrx_word' id='word_1_244' title='bbox 184 4495 227 4564; x_wconf 59' lang='grc'>99.</span> <span class='ocrx_word' id='word_1_245' title='bbox 248 4494 283 4547; x_wconf 87' lang='grc'>70</span> <span class='ocrx_word' id='word_1_246' title='bbox 301 4512 339 4560; x_wconf 86' lang='lat' dir='ltr'>sq.</span> 
     </span>
    </p>
   </div>
   <div class='ocr_carea' id='block_1_4' title="bbox 0 0 1519 5310">
    <p class='ocr_par' dir='ltr' id='par_1_15' title="bbox 0 0 1519 5310">
     <span class='ocr_line' id='line_1_39' title="bbox 0 0 1519 5310; baseline 0 0"><span class='ocrx_word' id='word_1_247' title='bbox 0 0 1519 5310; x_wconf 95' lang='lat' dir='ltr'> </span> 
     </span>
    </p>
   </div>
  </div>
 </body>
</html>
