3016 5310
647 456 682 489 D!
701 455 808 490 ornetur:
827 456 905 492 tuuis.

373 650 420 714 At
442 659 613 736 postquam
636 649 728 713 furor
751 660 847 735 atque
867 650 967 713 animi
984 649 1148 714 discordia
1163 673 1320 739 praeceps

200 778 249 820 eo.
281 755 443 821 Gentibus
466 756 608 840 incessit,
631 756 791 841 regnandi
815 766 846 820 et
869 757 982 842 iniqua
1005 757 1137 843 cupido:

286 862 472 948 Sanctaque
494 863 623 949 cognati
648 863 745 928 cessit
768 863 950 927 reverentia
972 864 1062 928 iuris.

375 970 431 1033 Ius
454 970 559 1056 primo
582 971 729 1055 ignotum
752 969 858 1034 saeclo
881 969 1068 1056 mundoque
1091 972 1213 1036 recenti

285 1077 461 1140 Armorum
484 1075 627 1162 bellique
649 1075 771 1161 datum,
794 1075 896 1141 tutela
919 1078 1034 1163 suique

285 1183 328 1247 Et
351 1205 469 1267 rerum,
492 1184 629 1269 sumptis
653 1206 712 1247 sua
735 1206 832 1270 seque
855 1185 976 1249 tuerier
998 1186 1106 1267 armis,

201 1311 250 1353 ao.
283 1290 387 1376 Inque
408 1289 533 1355 hostem
555 1290 629 1355 telis
652 1302 684 1354 et
707 1300 817 1377 aperto
841 1313 973 1377 surgere
996 1302 1109 1356 marte.

284 1396 355 1462 Nec
378 1397 458 1461 satis
480 1396 555 1478 hoc;
578 1396 704 1461 hostem
728 1396 867 1483 spoliare
889 1408 920 1462 et
944 1408 1086 1462 sternere
1110 1397 1173 1463 leto

284 1501 341 1566 Ius
364 1503 436 1588 fuit,
458 1503 610 1567 immanis
634 1504 697 1567 nisi
721 1524 796 1568 cum
820 1502 992 1568 clementia
1016 1505 1130 1568 Martis

285 1608 373 1673 Rara
394 1608 519 1674 hostem
542 1610 678 1695 emptori
702 1611 868 1696 captivum
892 1609 1047 1696 compede
1071 1593 1187 1696 servat,

286 1716 393 1795 Quem
416 1726 488 1802 post
512 1716 580 1802 ipse
603 1738 703 1779 manu
727 1727 896 1781 numerato
918 1715 1032 1781 liberet
1056 1739 1138 1802 aare,

202 1846 252 1888 ao.
284 1823 352 1886 Aut
375 1822 517 1887 melioris
539 1821 609 1887 heri
632 1823 748 1909 eripiat
772 1821 943 1888 clementia
966 1824 1069 1887 maior

286 1928 425 1994 Servitio
449 1928 593 2015 duroque
617 1930 694 2015 iugo
715 1930 868 2012 vitaeque
890 1928 1053 2015 malignae
1064 1934 1084 1993 ¹.

375 2035 470 2100 Tunc
491 2036 633 2122 primum
657 2046 769 2121 gentes
793 2034 952 2101 discretae
975 2047 1007 2101 et
1031 2036 1163 2100 condita
1185 2057 1298 2122 regna:

285 2142 434 2207 Invisum
457 2142 580 2207 domini
603 2165 720 2206 nomen
742 2141 808 2207 late
830 2143 934 2207 audiit
958 2142 1058 2225 orbis3

286 2249 389 2333 Tunc,
413 2259 501 2334 tune,
525 2271 607 2335 quae
630 2248 720 2313 nullo
743 2249 916 2315 distinctae
939 2249 1042 2315 limite
1066 2261 1171 2314 terrae

202 2377 250 2420 as.
283 2355 414 2439 Quique
437 2355 514 2420 olim
536 2355 635 2420 nullis
661 2356 780 2440 signati
803 2356 924 2421 finibus
947 2358 1018 2443 agri

286 2463 448 2528 Omnibus
472 2463 609 2528 utendos
633 2485 703 2527 sese
726 2475 757 2526 et
781 2486 840 2527 sua
862 2465 936 2527 iura
959 2463 1085 2546 dedere,

286 2570 398 2636 Certos
422 2571 588 2656 accipiunt
612 2570 767 2654 dominos⁷
791 2571 951 2656 certisque
975 2580 1129 2634 notantur

288 2677 477 2758 Limitibus3
500 2676 599 2742 ducto
623 2675 685 2740 sibi
708 2687 789 2741 tunc
813 2677 955 2762 signavit
979 2689 1085 2740 aratro

287 2783 445 2865 Quaeque
469 2805 544 2846 suas
569 2782 665 2847 urbes
687 2805 781 2868 gens3
805 2782 861 2846 alti
886 2804 1056 2868 assurgere
1079 2783 1164 2846 nturi

205 2912 251 2954 ro.
283 2891 378 2955 Tunc
399 2890 541 2977 primum
565 2911 699 2975 coepere
722 2910 887 2971 cavaeque
911 2889 952 2952 ad
976 2889 1083 2953 sidera
1106 2900 1210 2953 turres

287 2997 479 3083 Moeniaque
502 2997 649 3081 ingentes
672 2995 738 3059 late
761 2995 964 3059 circumdare
987 2996 1101 3059 fossae.

286 3103 414 3168 Venere
437 3113 469 3167 et
491 3112 580 3167 cert-a
603 3102 797 3166 commercia
820 3114 934 3165 mutua
956 3100 1027 3187 lege

286 3209 469 3294 Vinclaque
492 3208 646 3294 legitimis
670 3232 727 3273 nos
751 3208 987 3293 obstringentia
1010 3208 1112 3272 nodis.

287 3317 455 3381 Hactenus
478 3315 658 3380 humanum
680 3338 783 3401 genus
808 3338 903 3378 usum
926 3315 1053 3401 legibus
1076 3315 1191 3380 iisdem
1214 3326 1272 3399 est,

205 3445 251 3487 as.
283 3422 347 3489 Seu
371 3446 455 3509 quac
478 3425 642 3488 nascentis
665 3424 784 3487 teneris
808 3422 940 3486 haesere
963 3421 1116 3486 medullis

286 3529 403 3619 Mundi
427 3530 503 3594 olim
527 3541 558 3595 et
581 3532 681 3594 vitam
707 3553 764 3593 nos
788 3529 946 3594 edocuere
969 3529 1106 3612 beatam,

288 3636 352 3703 Seu
377 3660 458 3724 quas
481 3648 651 3724 postquam
676 3636 750 3700 illae
774 3646 949 3723 coeperunt
973 3636 1087 3722 cedere
1111 3646 1195 3700 retro

288 3744 330 3807 Et
354 3766 482 3807 sursum
507 3744 585 3808 ferri
610 3746 734 3808 crimen
757 3755 904 3807 nostrum
928 3754 1024 3829 atque
1047 3742 1206 3826 deorsum,
1282 3813 1286 3821 Ι

288 3851 411 3915 Infelix
434 3873 505 3915 sero
528 3853 657 3937 sapiens
681 3851 743 3915 sibi
767 3851 913 3915 condidit
936 3850 1032 3914 orbis.

204 3979 251 4021 oo.
283 3958 361 4022 Post
384 3969 501 4041 tamen,
526 3971 561 4022 nt
583 3959 686 4022 muris
710 3959 883 4022 cinxerunt
907 3957 1026 4043 oppida
1048 3968 1161 4042 gentes

286 4065 478 4152 Moeniaque
501 4065 609 4129 hostili
633 4065 697 4129 late
721 4088 897 4151 opposuere
922 4065 1032 4139 fauori,

285 4172 423 4259 Neque
447 4173 531 4258 ipsos
555 4174 639 4237 inter
662 4174 750 4237 cives
775 4172 961 4236 malesuada
984 4170 1085 4236 libido

180 4334 377 4342 ——---.

287 4420 297 4451 ¹
316 4421 383 4474 Inda
401 4423 436 4472 ab
455 4421 532 4472 initio
552 4421 677 4473 carminis
697 4437 779 4486 usque
798 4421 832 4471 ad
852 4420 922 4470 bunc
942 4436 1048 4471 verutum
1067 4427 1194 4470 notantur
1213 4419 1240 4468 in
1253 4433 1321 4468 mar·

178 4510 241 4578 gine
259 4508 322 4561 libri
340 4510 426 4562 Ossol.
446 4510 480 4562 ad
500 4511 619 4576 singulas
639 4518 729 4575 partes
744 4510 794 4560 loci
808 4510 874 4559 iuris
887 4509 998 4558 romani.
1018 4510 1114 4573 quibus
1128 4516 1207 4574 poeta
1218 4508 1321 4559 nititur.
