3016 5310
623 1434 684 1493 IV.

378 1636 925 1746 DlDASCALlCA.

634 2073 684 2136 14.

296 2269 641 2344 PONTIFEX
677 2269 1010 2345 SARMATA1.

188 2475 381 2541 Pontificem
405 2498 495 2560 rano,
519 2478 709 2541 sarmaticus
733 2478 788 2564 qui
812 2477 940 2564 praesul
966 2477 1007 2541 ad
1032 2499 1104 2541 uras

189 2583 258 2648 'l'us
281 2583 388 2648 adolet
411 2584 473 2647 Dis
497 2594 614 2648 castus,
638 2583 727 2648 Ades
750 2584 800 2647 Tu
825 2585 979 2648 carminis
1002 2595 1124 2649 auctor.

188 2689 317 2755 Christe
340 2690 440 2773 Deus,
466 2691 522 2777 qui
545 2713 712 2755 sacrorum
736 2690 817 2755 facia
840 2713 911 2755 asae
934 2701 1096 2777 potentatu

189 2796 389 2882 Pontificem,
412 2798 466 2883 qui
492 2797 612 2884 templa
636 2797 725 2861 Patri
749 2819 842 2861 saura
865 2797 1003 2861 fortibus
1027 2821 1112 2862 unus

141 2923 158 2968 t.
188 2902 357 2970 Sustentaa
380 2905 509 2988 umeris,
533 2904 632 2969 molas
657 2904 710 2969 aui
735 2903 852 2968 insidet
877 2903 941 2988 illa,

190 3010 294 3074 Extra
318 3032 415 3098 quarn
439 3033 502 3075 non
527 3010 594 3074 ulla
618 3010 706 3074 salus
730 3009 920 3074 mortalibus
944 3011 1058 3096 aegris

188 3117 306 3202 Dirige
328 3117 378 3180 Tu
403 3115 553 3202 calamos,
577 3117 651 3181 Tibi
675 3118 715 3182 sit
739 3139 810 3182 mea
833 3118 953 3204 pagina
977 3139 1088 3199 aurae3

189 3224 319 3312 Aapira,
341 3225 426 3288 iusto
449 3247 542 3289 mana
565 3212 683 3311 impete
707 3226 834 3289 concita
858 3235 967 3289 currat

189 3331 240 3398 Na
263 3331 367 3418 quid⁹
416 3383 1119 3397 ..............

141 3459 158 3502 ).
189 3438 319 3524 sanata„
349 3437 450 3523 vidae,
482 3441 537 3526 qui
561 3439 680 3526 templu
703 3450 822 3525 teuent,
850 3440 923 3526 quis
946 3437 1130 3526 praesidat3
1153 3437 1227 3521 aris,

189 3545 430 3611 Incustoditum
453 3546 608 3633 praedam
632 3569 731 3633 pecus
755 3548 801 3611 ira
824 3546 974 3633 luporum

189 3652 313 3737 Carnis,
335 3651 585 3741 oberrantesqua
608 3653 728 3718 haedos
752 3677 810 3740 per
832 3652 927 3718 davia
950 3676 1035 3717 rura.

188 3759 383 3826 Oonaultum
406 3760 533 3847 populis
558 3761 716 3847 aupirnua
740 3760 933 3847 templisque
956 3761 1110 3825 Deorum.

189 4027 353 4094 ¹Seriptum
381 4026 431 4078 hoe
462 4044 569 4078 carmen
598 4038 638 4078 ast
664 4027 764 4079 ultimis
790 4027 952 4095 Sigiarnundi
976 4028 988 4077 1
1016 4027 1120 4093 imperii
1149 4025 1228 4076 annia

141 4132 192 4169 aa.
207 4115 297 4181 1548).
314 4117 391 4167 Cons.
406 4133 448 4167 vv.
463 4116 512 4167 221
528 4133 584 4182 utiq.
598 4125 625 4167 at
639 4134 662 4166 v.
676 4116 729 4168 225
743 4135 780 4181 aq.
801 4122 960 4168 asservatur
972 4126 1062 4167 autam
1076 4116 1103 4165 in
1116 4123 1229 4180 utroque

141 4221 152 4256 a
168 4223 250 4258 manu
269 4206 379 4271 scripto,
398 4214 425 4256 at
444 4207 598 4257 Cornicenai
617 4204 781 4269 (376-386)
801 4215 828 4256 at
846 4206 984 4257 Oarolinao
1002 4202 1173 4271 (323—340).

189 4294 199 4323 ²
221 4297 321 4348 Varaua
340 4295 522 4360 imperfectus·
547 4295 669 4360 Suppleri
691 4296 777 4360 potuit
796 4296 848 4350 ita:
875 4295 1029 4361 „delinquat
1054 4294 1136 4344 nimiu
1158 4309 1229 4345 eom·

141 4401 161 4437 ta
180 4388 295 4438 furore‘.

189 4473 199 4504 ³
218 4474 362 4526 lndieativi
383 4474 453 4524 modi
472 4490 519 4540 pro
538 4474 726 4538 coniunctivis,
745 4482 775 4523 ut
794 4488 874 4538 aaapa
893 4473 963 4538 apud
984 4474 1120 4537 Royziurn.
