3016 5310
515 524 551 559 nl>
569 526 610 560 PB.
631 525 773 562 GANOBIUM·
1147 510 1212 576 211

182 716 308 784 Obruta
331 722 396 782 n'on
421 716 549 784 nebulis
573 717 657 803 ullis,
682 741 747 783 non
771 717 913 783 nubibus
936 718 1022 784 ullis.

273 825 335 889 Eia
358 846 427 911 age,
461 846 574 912 rumpe
598 848 713 910 moras,
736 825 900 911 Vilnaque
922 849 1072 912 egressus
1095 837 1216 916 aperta,

126 953 150 996 o.
180 970 225 979 —
248 931 312 996 Per
335 946 445 1018 regem
469 931 545 996 licet
568 933 755 1017 Augustum
779 972 822 979 -
846 930 1011 998 succedite
1035 935 1168 1024 campis,

182 1036 266 1104 Luta
289 1037 522 1128 borystheneas
546 1061 610 1124 qua
632 1049 664 1103 te
687 1039 741 1103 via
765 1038 855 1104 ducit
879 1037 921 1103 ad
945 1063 1027 1106 oras.

183 1144 315 1208 Durum
338 1154 436 1209 restat
460 1145 529 1230 iter,
553 1184 596 1190 —
620 1143 740 1208 durum
762 1145 918 1231 patientia
942 1147 1062 1233 vineat,
1087 1186 1131 1196 -

181 1246 247 1315 Per
269 1251 404 1338 populos
429 1252 540 1337 inopes
564 1261 596 1316 et
618 1261 731 1337 gentes
756 1252 899 1315 omnium
923 1275 1042 1339 egenas

184 1358 407 1445 Expertesque
431 1358 534 1422 omnis
559 1358 667 1422 cultus
689 1369 720 1423 et
744 1359 841 1423 moris
865 1358 1000 1424 honesti.

128 1484 153 1529 s.
183 1464 331 1544 Quarum
355 1488 419 1529 non
444 1465 570 1531 Cereris
594 1465 695 1530 lectas
718 1467 851 1552 ignavia
874 1465 985 1552 fruges

183 1572 291 1656 Novit,
315 1594 379 1636 non
404 1594 520 1637 suaves
544 1572 679 1656 fructus,
704 1595 767 1636 non
792 1571 901 1637 dulcia
924 1573 1046 1639 Bacchi

184 1679 322 1743 Munera
345 1678 406 1743 fert
429 1679 534 1764 tellus,
560 1702 624 1743 non
648 1678 782 1744 delicias
807 1701 991 1766 campanas.

186 1783 319 1872 Semper
342 1795 434 1849 atrox
458 1785 504 1849 ibi
528 1787 631 1851 saevit
653 1785 757 1850 hiems
780 1796 811 1850 et
835 1784 954 1872 frigore
979 1798 1081 1852 terras

185 1891 385 1979 constringit
409 1893 477 1979 iugi
501 1893 679 1980 rigidisque
703 1893 909 1979 aquilonibus
934 1894 1006 1959 urit.

127 2021 152 2064 o.
182 1998 366 2064 Roboribus
391 1999 473 2064 mule
497 2002 683 2087 compositis
707 2023 781 2065 casa
807 2002 911 2086 surgit
934 2002 1071 2088 agrestis

187 2107 399 2193 Hospitioque
424 2113 532 2194 patet¹
557 2108 709 2194 fumoque
734 2106 896 2194 nigrantia
919 2112 1014 2174 tecta.

188 2210 222 2280 Si
245 2235 363 2300 corpus
387 2237 501 2279 curere
524 2216 623 2298 iuvat,
647 2214 692 2277 nil
717 2216 856 2302 suppetit
879 2214 1005 2302 hospes.

186 2321 269 2384 Atra
292 2342 380 2385 ceres
405 2323 538 2406 victum,
563 2321 681 2385 durum
705 2322 760 2385 dat
784 2333 869 2386 terra
893 2321 1010 2407 cubile,

186 2426 308 2492 Pocula
332 2427 411 2492 dant
435 2429 539 2493 fontes
564 2430 698 2493 fusaeve
722 2452 779 2515 per
801 2430 866 2493 ima
889 2429 1025 2516 paludes

126 2555 152 2599 t.
185 2533 420 2620 Stagnantesve
444 2535 544 2599 lacus.
567 2535 677 2600 Racda
703 2536 766 2599 nisi
790 2535 881 2600 dives
905 2547 1021 2600 onusta

185 2641 384 2728 Ingredieris
408 2643 477 2726 iter,
501 2643 622 2728 potiere
647 2642 829 2729 firmemque
853 2644 1003 2730 sitimque

185 2746 228 2812 Et
252 2748 373 2812 frustra
397 2749 438 2813 ad
463 2750 603 2836 patrium
628 2760 796 2815 convertes
819 2750 944 2814 lumina
967 2749 1102 2834 caelum,

185 2855 371 2921 Mensarum
397 2879 527 2941 memor,
551 2856 718 2943 hesperius
742 2880 821 2942 (suas
845 2854 976 2920 instruit
998 2855 1124 2942 hospes.

277 2962 340 3029 Sed
365 2963 410 3027 nil
433 2974 465 3027 te
488 2963 569 3029 haec
592 2974 752 3027 moveant.
783 2963 846 3028 Per
869 2963 967 3027 duros
992 2963 1079 3026 fama
1094 2960 1222 3028 labores

126 3092 152 3134 ο.
184 3068 373 3152 Quaeritur3
398 3093 440 3135 cx
464 3071 552 3135 molli
576 3094 639 3134 non
666 3071 769 3156 surgit
792 3070 895 3156 gloria
919 3069 1038 3157 pluma.

185 3175 279 3256 Quae
301 3199 451 3262 memore,
475 3200 606 3264 passum
630 3177 768 3264 hospitio
791 3187 823 3242 te
845 3176 998 3242 Moschus
1023 3176 1128 3241 amico

185 3284 337 3372 Excipiet
361 3285 550 3372 iussumque
574 3285 647 3348 altis
672 3284 846 3349 succedere
869 3284 963 3349 tectis

185 3390 313 3457 Pr'onus
335 3392 515 3476 honorabit,
539 3393 625 3477 lotia
650 3416 835 3480 suspensus²
860 3391 899 3456 ab
926 3391 1005 3456 urbe

187 3493 281 3578 Quae
304 3500 459 3564 mandata
483 3501 577 3584 feras,
602 3501 750 3566 caelestis
773 3501 890 3564 ianitor
914 3499 1007 3564 aulae

125 3626 152 3670 s.
184 3604 273 3685 Quid
297 3605 405 3671 iubeat
428 3607 516 3692 Pius,
540 3606 679 3672 aetherei
704 3609 777 3694 pius
801 3617 914 3671 auctor
935 3604 1075 3690 honoris,

185 3711 395 3777 Moschorum
417 3716 516 3800 genti,
539 3738 636 3800 quam
661 3738 725 3778 non
749 3714 867 3779 oblitus
891 3712 995 3779 adivit

185 3819 237 3883 Ac
261 3819 346 3883 ultro
369 3843 426 3906 per
448 3832 480 3884 tc
504 3821 663 3908 Capitolia
687 3820 729 3885 ed
753 3821 817 3884 alta
843 3822 981 3906 vocavit,

185 3924 239 3988 Ad
264 3928 448 4013 sociamque
473 3928 569 3992 fidem
594 3938 625 3991 ct
647 3950 798 3992 verorum
823 3928 900 3991 fana
924 3950 1100 3993 sacrorum.

275 4032 358 4097 Inde
381 4044 436 4097 tuo
461 4035 602 4118 functus,
626 4034 759 4119 (leuchi,
783 4058 916 4099 munere
940 4035 1078 4099 Romam

125 4160 151 4204 o.
181 4141 374 4205 Muneribus
399 4142 501 4205 laetus
526 4153 649 4228 repetes
673 4143 858 4229 ingentibus
883 4141 1005 4225 urbem,

185 4249 426 4334 Assuetumquc
450 4250 564 4314 hiemis
588 4249 686 4313 duros
711 4249 847 4313 tolerare
871 4248 1008 4325 labores

123 4464 208 4472 -—--
224 4466 287 4472 ----

188 4588 195 4617 ¹
217 4591 342 4641 Fortasse
364 4594 488 4653 „puteut“
511 4587 615 4652 scripsit
638 4590 760 4652 lloyzius.
