3016 5310
308 436 376 500 240
785 454 861 487 serm
881 454 976 488 sorzrr.

413 535 545 541 ———-
551 535 772 542 —.-—-
780 536 904 543 ‘-—..--
912 537 1082 543 ----——
1090 537 1445 545 *ψ-

853 1427 904 1489 22.

343 1641 401 1712 IN
430 1639 792 1713 LITUANICAM
819 1640 1381 1717 PEREGRINATIONEM
1401 1640 1419 1716 ¹.

419 1844 452 1909 Si
476 1845 548 1930 quis
573 1844 768 1929 jez'dziabitr
789 1845 912 1909 litnano
938 1868 994 1932 per
1017 1845 1135 1932 oppido
1158 1847 1299 1931 goscins,

373 2033 379 2041 ,
418 1951 483 2016 Seu
507 1951 641 2014 Vilnam
664 1962 783 2038 perget,
808 1974 864 2015 seu
888 1951 955 2015 fors
978 1952 1257 2040 wyjeidinverit⁸
1279 1954 1366 2039 inde,

418 2056 478 2122 Ille
503 2057 629 2144 niechnj
657 2079 776 2143 secum,
799 2063 957 2122 rianum⁴
981 2057 1132 2122 chlebum
1156 2069 1252 2146 atquc
1276 2060 1427 2125 bialum⁶

415 2164 455 2228 In
480 2187 577 2229 curru
603 2174 722 2250 portet3
747 2165 816 2228 sinc
840 2186 937 2228 curru
962 2164 1094 2229 tendere
1118 2164 1220 2245 blsd‘*
1239 2167 1314 2253 Jest.

356 2293 380 2335 5.
413 2270 509 2355 Illud,
534 2273 601 2354 iter,
625 2282 657 2335 tc
681 2271 765 2334 ferre
789 2294 868 2358 opus
892 2282 949 2355 est,
973 2271 1188 2357 quodcunque
1212 2273 1390 2359 potrzebat,

416 2379 523 2463 Atque
547 2376 656 2461 salem
681 2376 788 2440 satiras
812 2377 873 2440 nisi
900 2379 951 2440 vis
970 2377 1088 2463 jadare
1112 2381 1306 2464 potrawas⁷.

417 2484 520 2548 Niech
545 2483 703 2573 wybornc
726 2494 819 2546 tuum
843 2482 965 2570 repleat
989 2485 1127 2549 cervisia
1150 2483 1281 2565 beben8

416 2592 478 2657 Seu
504 2615 601 2677 quam
625 2590 681 2654 dat
704 2590 830 2675 Piqtelc
854 2591 928 2655 albo
951 2615 1048 2677 quam
1073 2591 1216 2658 Sobota⁹
1238 2594 1346 2658 mittit.

415 2697 504 2762 Miod
528 2721 654 2783 quoque
678 2721 741 2761 non
766 2697 850 2761 desit
873 2697 1010 2782 miccius,
1036 2708 1194 2783 sonusve,
1217 2698 1357 2779 iciedko

418 2911 425 2939 ¹
445 2913 541 2961 Exstat
561 2910 610 2960 hoc
630 2926 736 2960 carmen
756 2910 784 2959 in
804 2911 871 2959 libro
888 2918 964 2960 msto.
985 2910 1133 2961 cornicensi
1152 2928 1196 2976 pg.
1216 2909 1269 2963 413
1284 2927 1325 2976 sq.
1346 2920 1382 2975 et,
1401 2911 1470 2962 sin-

309 3001 379 3067 gulis
398 3001 519 3050 versibus
538 3000 715 3062 decurtatum,
740 2999 768 3048 in
794 3000 887 3050 ultimo
913 3000 978 3049 folio
996 3000 1067 3049 msti.
1087 3000 1271 3051 varnariensis
1288 3001 1354 3051 XVI
1376 3016 1397 3050 s.
1416 3000 1467 3050 bi·

309 3089 459 3140 bliothscee
479 3088 699 3151 Crasinsciornm,
728 3089 797 3152 quod
817 3088 936 3138 continet
961 3091 991 3138 Α.
1012 3088 1092 3140 Cricii
1115 3089 1245 3152 carmina,
1271 3088 1342 3141 unde
1369 3098 1463 3140 trans-

310 3178 438 3243 scriptum
466 3178 548 3229 edidit
574 3179 633 3228 Cas.
659 3177 802 3226 Mcrawski
828 3178 856 3227 in
882 3177 1123 3229 Dissertationibus
1152 3186 1178 3228 et
1203 3177 1272 3230 actis
1298 3179 1332 3229 cl.
1362 3176 1454 3244 philol.

310 3267 463 3318 academiae
483 3267 533 3317 litt
555 3282 659 3318 cracov.
679 3272 697 3315 t.
717 3267 778 3329 ΧΠ,
796 3283 839 3331 pg.
859 3264 912 3317 402
931 3283 969 3331 sq.

417 3355 427 3385 ²
447 3372 518 3406 corn.
537 3355 689 3418 jesdzinbit,
710 3370 791 3405 crass.
814 3355 989 3418 „jsidzarit“.

416 3441 426 3471 ³
445 3461 516 3494 corn.
539 3444 795 3508 „wyjeidzinvcrit“,
816 3460 896 3493 crass.
919 3444 1166 3508 „wyjeisinaverit“.

415 3533 425 3561 ⁴
445 3550 516 3584 corn.
537 3550 669 3596 rrzanurn,
689 3549 770 3583 crass.
794 3533 947 3594 „izcnum“.

416 3620 426 3647 ·''
446 3638 516 3672 corn.
538 3622 657 3671 binllum.

415 3710 426 3738 ⁰
446 3711 484 3761 sic
504 3711 531 3759 in
551 3727 598 3759 ms.
619 3711 716 3760 cresin.
737 3711 910 3761 Cornicensis
932 3710 1013 3760 habet
1035 3710 1135 3772 „blat“.

418 3797 426 3825 ⁷
446 3801 544 3850 Versus
564 3799 581 3849 ἵ)
600 3808 626 3849 ct
646 3798 662 3850 6
682 3800 849 3849 desideratur
868 3800 895 3848 in
916 3799 1013 3849 cresin.

416 3890 515 3939 ‘’corn.
539 3888 667 3951 „beben“‚
687 3905 768 3938 crass.
791 3889 941 3950 „Benben“.
962 3890 1011 3937 Est
1030 3896 1120 3938 entem
1145 3903 1192 3937 vas
1211 3887 1328 3938 vitreum
1347 3888 1381 3938 sd
1399 3901 1447 3953 por·

307 3979 418 4029 condam
438 3978 595 4028 cererisimn
615 3986 706 4041 aptum
727 3978 843 4042 (gosior).

415 4065 552 4131 ”Pictck
579 4067 705 4131 oppidum
728 4082 798 4116 nunc
824 4067 851 4115 in
878 4067 1001 4116 districtu
1029 4065 1187 4116 lanciciensi
1213 4066 1275 4131 gub.
1306 4063 1444 4117 cnlisionsis

306 4158 396 4212 situm,
416 4156 546 4206 cerevisia
565 4156 628 4205 olim
648 4156 760 4205 celebro.
781 4156 856 4204 Cons.
878 4155 1078 4205 adnotationem
1097 4155 1158 4206 Cos.
1178 4153 1323 4204 Morowski
1342 4154 1371 4203 in
1390 4152 1442 4203 edit.

306 4246 386 4297 Cricii
408 4244 554 4295 carminum
575 4261 617 4309 pg.
629 4242 690 4306 261,
710 4244 734 4292 3.
754 4245 861 4295 Sobota.
882 4244 945 4293 olim
960 4245 1046 4292 sorum
1060 4242 1205 4293 cerevisiae
1215 4240 1331 4292 officinis
1343 4241 1442 4292 clarum.

306 4336 384 4384 Nunc
403 4343 443 4382 cst
463 4335 546 4394 vicus,
566 4334 610 4396 qui
630 4340 731 4382 curtato
751 4333 856 4382 nomine
877 4332 1029 4398 appellatur
1047 4330 1166 4381 Sobotks
1179 4331 1304 4394 inestque
1321 4330 1349 4379 in
1363 4328 1442 4379 eodeni

306 4423 461 4473 lenciciensi
486 4422 608 4472 districtu
634 4421 762 4484 (Sloirnik
781 4438 870 4486 geogr.
891 4439 912 4470 z.
933 4422 956 4470 d.
977 4422 1026 4481 R).
1053 4420 1129 4470 Cons.
1154 4419 1251 4472 vol.11
1271 4417 1399 4468 carminis
1415 4411 1441 4463 ad

308 4513 492 4562 Dccurnsnum
512 4527 536 4559 v.
556 4510 591 4561 30
610 4511 704 4575 (Ossol.
725 4526 768 4575 pg.
788 4509 840 4562 138
862 4533 887 4552 =
913 4511 989 4559 Corn.
1010 4508 1081 4574 255).
