3016 5310
679 447 834 481 PRAEPA'I'IO.

845 516 974 522 —.
990 517 1013 520 —
1023 516 1071 521 .—
1084 517 1089 521 .
1107 516 1330 523 ...-.—-——--——-

890 530 894 532 .
1005 528 1008 533 .
1021 528 1329 535 ....——-—-————-

180 638 370 726 diligentius
394 640 603 704 observatum
626 662 705 723 esse,
740 663 803 725 quo
827 639 980 705 disertius
1002 663 1056 704 eos
1080 662 1100 703 a
1128 638 1218 705 clero
1246 641 1330 704 ritus

181 746 348 811 orientalis
379 746 610 831 distingueret,
649 768 787 832 eumque
822 768 944 811 morem
980 747 1064 811 inter
1087 746 1330 811 reformationis

182 854 295 918 turbas
318 852 481 918 labantem
506 854 539 916 in
564 853 689 940 synodo
712 853 950 938 piotrcoviensi,
979 876 998 916 a
1022 852 1180 918 Gamrato
1204 875 1224 916 a
1241 856 1328 918 1542

183 971 370 1043 convocata,
394 960 638 1047 comprobatum
664 959 990 1045 commendatumque
1010 983 1082 1023 esse
1098 959 1185 1024 clero
1203 959 1328 1046 polono.

183 1067 436 1130 Piotrcoviensis
461 1065 577 1154 synodi
603 1068 719 1131 scitum
743 1065 982 1152 professoribus
1009 1065 1137 1130 clericis
1166 1067 1329 1130 universi-

183 1174 258 1236 tatis
282 1174 502 1238 cracoviensis
526 1173 768 1237 observaudum
800 1173 840 1236 ab
873 1172 985 1237 eodem
1016 1172 1183 1256 Gamrat0,
1218 1183 1328 1260 utpote

185 1280 406 1344 universitatis
431 1278 634 1343 cancellario.
658 1279 755 1343 edicti
780 1281 910 1343 nomine
933 1280 1069 1342 missum
1084 1301 1155 1343 esse
1171 1279 1328 1343 credibile

181 1397 240 1450 est.
279 1387 464 1451 Tenebatur
487 1397 595 1450 autem
619 1386 679 1450 hoc
702 1386 808 1451 edicto
832 1395 864 1450 et
886 1387 956 1472 ipse
978 1385 1131 1473 Royzius,
1165 1386 1327 1472 quoniam.

183 1505 219 1556 ut
243 1515 341 1580 supra
365 1494 538 1577 affirmavi,
563 1493 719 1557 diaconus
743 1494 775 1554 in
801 1491 967 1556 Poloniarn
991 1493 1090 1576 venit,
1122 1530 1164 1539 -
1192 1491 1326 1556 barbam

182 1610 291 1664 autem
316 1600 478 1663 nutriebat
503 1601 571 1663 sive
595 1598 767 1686 hispanum
796 1601 866 1663 sive
898 1599 999 1684 ipsius
1031 1598 1124 1663 Pauli
1157 1598 1227 1681 III,
1265 1620 1326 1685 quo

183 1707 334 1792 pontifice
357 1728 491 1769 romano
514 1707 547 1770 in
572 1706 668 1770 Italia
692 1705 809 1770 studiis
833 1715 1018 1786 vacaverat,
1042 1727 1163 1769 morem
1186 1716 1327 1769 secutus.

182 1812 278 1891 Quod
303 1814 330 1876 si
354 1813 509 1899 praefecti
535 1812 735 1899 praesidisve
758 1810 889 1876 scholae
912 1812 1042 1875 nomine
1066 1834 1085 1874 a
1115 1811 1239 1899 Royzio
1263 1834 1325 1874 non

91 1970 94 1977 .
182 1920 289 2005 ipsum
314 1920 517 1999 Gamraturn,
545 1919 602 1983 sed
626 1920 762 1983 fortasse
780 1919 1002 1983 universitatis
1013 1922 1175 1981 'rectorem
1193 1916 1326 1982 vellica·

183 2027 210 2088 ri
235 2026 450 2110 contenderis,
475 2025 685 2089 nihilominus
708 2036 817 2089 tamen
840 2026 1042 2089 invectiones
1066 2024 1138 2087 illas
1162 2024 1325 2088 etiamad

182 2130 386 2215 Gamratum,
423 2144 531 2220 utpote
555 2133 656 2196 odiosi
688 2132 786 2197 edicti
811 2143 985 2214 auctorem,
1016 2132 1179 2217 pertinere
1202 2134 1326 2218 perspi-

181 2260 280 2302 euum
304 2249 362 2302 est.
401 2239 521 2303 Utrum
547 2261 622 2303 vero
647 2238 706 2304 boc
723 2239 827 2304 edicto
844 2240 986 2325 Royzius
1004 2237 1141 2302 barbam
1166 2237 1326 2324 deponere

182 2346 225 2408 sit
247 2359 376 2411 coactus
400 2367 510 2426 necne,
534 2347 734 2428 ignoramus,
764 2357 849 2410 certe
866 2345 1008 2430 effigiem
1024 2345 1126 2431 ipsius
1143 2344 1326 2410 francofur-

182 2462 277 2516 tanae
308 2452 441 2516 editieui
470 2453 679 2517 Decisionum
704 2452 935 2516 lituaniearum
967 2455 1005 2529 (a.
1040 2453 1138 2533 tate)
1169 2452 1326 2537 praemis-

183 2580 252 2621 sam
277 2558 384 2623 ethic
408 2581 507 2645 supra
531 2561 697 2645 repetitam
723 2560 892 2623 barlmtam
916 2581 986 2622 esse
1011 2557 1184 2622 videmus

290 2664 354 2728 Sed
378 2678 470 2728 erant
491 2667 613 2728 maiora
629 2667 735 2742 arian
757 2689 840 2751 qiam
856 2664 1033 2730 Cracoviae
1050 2665 1194 2728 animum
1211 2664 1324 2752 Royaii

182 2770 387 2854 aegritudine
404 2772 590 2859 afficerent,
606 2772 810 2851 ercrebatur
827 2771 1007 2836 mercedem
1024 2794 1165 2834 annuam
1183 2793 1241 2856 pro
1258 2794 1325 2835 mu-

182 2899 259 2942 nere
283 2878 475 2963 professoris
499 2878 560 2942 sibi
585 2879 792 2942 constitutam
809 2900 880 2942 esse
897 2879 1061 2960 minorem,
1088 2901 1186 2963 quam
1202 2900 1276 2964 qua,
1299 2878 1325 2940 si

182 2984 248 3047 iam
266 3007 328 3047 non
347 2984 441 3066 laute,
463 2996 597 3049 atcerte
614 2984 781 3049 cominode
797 2986 910 3049 vivere
925 2996 1032 3070 posset
1052 2985 1107 3068 (II,
1124 2986 1182 3048 221
1204 3009 1250 3070 sq.
1266 2985 1325 3064 Vl)

181 3089 314 3168 Quanta
338 3113 459 3155 merces
483 3090 538 3154 illa
563 3091 670 3174 fuerit,
690 3114 850 3177 nusquam
869 3090 1024 3177 proditur,
1040 3101 1202 3155 trecentos
1217 3103 1325 3156 tamen

182 3195 271 3260 illius
287 3197 359 3260 aevi
375 3196 518 3281 florenos,
531 3199 585 3282 qui
604 3198 672 3261 fere
689 3221 745 3261 sex
763 3198 887 3260 milium
899 3208 1117 3262 trecentarum
1134 3219 1324 3263 coronarum

184 3304 420 3368 arrstriacarum
437 3316 575 3390 aequant
592 3305 740 3390 pretium,
768 3327 840 3368 earn
863 3326 927 3367 non
951 3306 1130 3368 excessisse
1146 3305 1224 3370 inde
1239 3307 1327 3372 coni·

182 3411 259 3492 cias,
282 3410 368 3496 quod
394 3423 502 3496 postea
527 3433 545 3474 a
569 3411 778 3495 Sigismundo
803 3413 952 3496 Augusto
978 3435 1055 3495 rege
1087 3412 1235 3476 ducentis
1271 3413 1326 3478 llo·

182 3517 270 3579 renis
287 3529 383 3582 arricta
399 3520 593 3604 quingentos
617 3518 755 3581 tlaareuos
772 3517 924 3603 explevit.
941 3520 1201 3604 (quantacunque
1217 3530 1334 3596 tamen⁴

182 3633 260 3706 erat,
277 3625 446 3710 pensiones
464 3648 589 3687 annuas
607 3625 827 3709 professorum
843 3626 875 3686 in
895 3625 1108 3688 universitate
1124 3626 1326 3691 cracoviensi

183 3728 239 3793 illo
252 3742 393 3816 tempore
406 3732 554 3814 minores,
568 3753 664 3816 quam
679 3730 766 3809 alibi,
779 3744 810 3794 et
823 3754 888 3794 non
902 3733 1100 3795 sufficientes
1114 3732 1217 3797 fuisse
1229 3734 1327 3798 etiam

183 3835 315 3900 aliunde
346 3838 512 3921 cegnitmn
546 3838 702 3902 habemus
734 3837 945 3924 querelasque
981 3838 1054 3902 illas
1089 3839 1208 3926 Royzii
1242 3841 1328 3905 iusta

180 3944 304 4007 ratione
321 3967 384 4007 non
402 3947 547 4008 caruisse
564 3945 659 4010 facile
676 3945 894 4010 concedimus.
918 3947 984 4025 Qui
1000 3969 1198 4032 quamquam
1220 3947 1329 4033 splen·

180 4048 361 4114 didioribus
386 4052 632 4116 condicionibus
658 4054 690 4114 in
715 4051 882 4116 Poloniam
901 4054 1075 4118 arcessitus
1092 4077 1162 4117 esse
1188 4054 1330 4138 videtur,

182 4168 290 4219 tamen
315 4158 521 4221 condiciones
546 4158 622 4221 illae
646 4160 832 4222 accuratius
856 4159 1008 4224 definitae
1023 4183 1087 4223 non
1104 4171 1207 4244 erant,
1230 4162 1279 4225 ita
1297 4172 1335 4227 ut

181 4264 280 4326 etiam
306 4276 374 4350 post
399 4265 577 4329 adventum
601 4267 766 4351 pactiones
799 4290 874 4330 curn
906 4289 943 4331 eo
975 4267 1015 4331 de
1046 4267 1219 4331 honoraria
1249 4292 1336 4355 qua·

183 4369 258 4432 dam
282 4371 432 4435 mercede
460 4373 620 4435 inirentur
644 4383 676 4435 et
699 4372 740 4435 ad
764 4384 946 4437 extremum
978 4373 1155 4438 Gamratus
1185 4373 1256 4460 ipse
1288 4394 1338 4441 ex

181 4499 240 4540 suo
264 4478 422 4563 quaedam
439 4480 467 4542 ei
486 4479 528 4542 ad
545 4477 735 4544 sollemnem
753 4480 943 4565 professoris
961 4481 1145 4545 mercedem
1161 4480 1336 4552 adiecerit.
