3016 5310
176 313 236 367 XL
679 323 835 360 aunario.

336 394 411 401 ,-,,...
449 394 474 399 .-
505 395 539 399 .-
570 394 664 401 .-...—..
708 397 724 401 .«.
775 396 787 400 -
816 396 844 402 --
883 396 916 401 ..-
966 397 970 401 .
991 399 1000 402 .
1020 397 1323 407 --..--..-..-.-.

690 407 852 414 ...-.-——
872 408 1014 414 ——---·—

181 520 289 609 pridie
320 518 385 585 kal
415 519 563 587 octobres
592 541 695 584 novos
726 518 851 605 legatos
886 519 929 582 ad
964 521 1206 587 constitutionis
1240 522 1323 587 illius

182 626 386 713 praescripta
409 624 616 710 exsequenda
641 625 724 688 mitti
754 624 885 711 placuit.
923 626 1155 692 Interfueritne
1186 628 1325 717 Royzius

178 733 280 801 etiam
312 731 389 800 huic
419 730 574 817 legationi
605 753 716 815 necne,
747 732 913 797 affirmare
943 757 1008 798 non
1032 736 1154 819 ausim,
1186 748 1325 801 attamen

183 863 290 926 neque
319 838 537 906 Carncovium
568 840 760 925 participem
791 841 861 904 eius
892 839 1010 925 samse,
1040 863 1146 928 neque
1175 854 1327 908 eventurn

184 948 271 1014 votis
294 947 341 1012 rei
365 945 516 1033 publicae
539 946 745 1032 respondisse
769 959 969 1033 compertum
990 958 1047 1012 est.
1070 948 1221 1014 Ceterum
1240 949 1327 1014 brevi

180 1067 264 1142 post,
287 1063 426 1119 exeunte
448 1054 512 1118 iam
537 1075 565 1117 a.
591 1055 677 1119 1570
699 1053 868 1137 Olefeldio,
893 1055 1041 1138 Ferbero,
1067 1056 1175 1119 Proito
1199 1055 1326 1121 Giesio-

180 1183 257 1247 que,
272 1160 369 1247 culpa
387 1159 569 1225 condonata
583 1184 603 1224 a
619 1183 704 1246 rege,
728 1182 902 1225 concessus
918 1174 966 1225 est
982 1161 1106 1226 reditus
1130 1163 1165 1226 in
1180 1164 1328 1250 patriam,

182 1289 281 1354 quem
304 1266 448 1354 Royzius
473 1266 632 1352 singulari
656 1265 877 1353 amplioreque
901 1267 1046 1331 carmine
1069 1269 1232 1353 insignem
1257 1269 1328 1333 nul·

183 1373 267 1439 didit
291 1374 329 1457 (I,
353 1374 418 1438 304
442 1378 529 1459 sqq.).
569 1375 607 1438 Iu
639 1397 702 1459 quo
735 1375 840 1459 ipsam
871 1373 1116 1438 Gedanensium
1142 1376 1255 1440 urbem
1287 1376 1328 1440 ad

183 1479 357 1546 redeuntes
380 1479 510 1544 exsules
534 1480 574 1544 de
598 1481 684 1566 regis
708 1479 893 1563 clementia,
926 1480 966 1544 <le
989 1482 1132 1566 ipsorum
1161 1483 1195 1544 in
1220 1504 1329 1568 regem

184 1585 335 1674 perfidia,
367 1586 408 1652 da
439 1586 568 1651 civibus
600 1610 619 1650 a
649 1609 724 1672 rege
759 1587 937 1672 potentium
971 1588 1148 1675 tyrannide
1182 1587 1328 1654 liberatis

181 1717 285 1780 eoquo
308 1693 418 1777 laetis,
442 1694 482 1758 de
506 1693 603 1759 Curei
627 1693 799 1757 cuiusdam
823 1693 1026 1779 impudentia
1049 1707 1146 1781 atque
1169 1696 1329 1781 fatuitate,

184 1802 287 1867 verba
311 1801 483 1865 facientem
508 1801 610 1885 lingit
649 1801 730 1864 Erat
760 1811 869 1865 autem
897 1800 1057 1866 Achatius
1079 1802 1206 1868 Cursus
1238 1803 1329 1868 urbis

183 1907 396 1990 secretarius,
427 1908 482 1992 qui
513 1907 629 1996 Royzii
661 1908 860 1973 carminibus
891 1907 932 1971 dc
964 1907 1209 1973 Gedanensium
1240 1924 1330 1974 motu

183 2012 315 2099 seriptis
328 2013 487 2078 maledico
500 2012 609 2078 libello
619 2014 836 2101 responderat,
849 2036 951 2099 eaque
963 2015 1034 2100 ipsa
1047 2038 1098 2079 res
1111 2015 1203 2080 illam
1212 2016 1329 2105 Royzii

170 2120 584 2206 ,efflorationumplenam
594 2121 1328 2208 ProsopopoeamDantisciexcivissevidetur.

292 2226 535 2292 Gedanensium
571 2227 668 2292 rebus
706 2227 748 2291 ad
784 2227 914 2291 ultimos
950 2227 1018 2291 iere
1053 2229 1139 2292 vitae
1173 2231 1329 2294 terminos

179 2345 362 2420 occupatus
392 2334 536 2423 Royzius
568 2333 666 2398 claris
697 2333 763 2397 illis
795 2336 943 2418 comitiis,
976 2336 1010 2397 in
1042 2336 1160 2421 quibus
1188 2359 1217 2400 a.
1242 2338 1330 2403 1569

183 2439 316 2506 Lublini
341 2453 473 2505 auctore
497 2464 574 2526 rege
597 2440 748 2506 diversae
771 2442 864 2526 regni
887 2441 1040 2505 Poloniae
1064 2452 1184 2528 partes,
1216 2444 1331 2530 impri-

184 2548 309 2633 misque
333 2549 394 2634 ipsi
418 2548 532 2612 Poloni
556 2560 653 2634 atque
676 2549 807 2613 Lituani
839 2549 962 2613 idoneis
993 2547 1101 2634 legum
1129 2548 1331 2614 condicioni-

186 2652 246 2719 bus
270 2655 391 2718 sanctis
417 2656 449 2717 in
473 2678 574 2718 unum
590 2656 637 2718 rei
653 2654 803 2740 publicae
819 2657 937 2739 eorpus
953 2654 1152 2739 coaluerunt,
1175 2657 1331 2720 continuo

184 2759 298 2825 adesse
322 2783 387 2825 non
410 2763 526 2847 potuit,
558 2761 769 2826 nihilominus
792 2773 900 2826 tamen
925 2763 1153 2847 transigendae
1181 2765 1227 2827 rei
1260 2787 1331 2828 ma-

183 2868 323 2952 gnificae
348 2870 528 2933 acerrimus
552 2870 668 2952 fautor,
692 2871 777 2934 inter
800 2869 918 2934 dubias
942 2869 1129 2955 paciscendi
1153 2872 1244 2935 vices
1261 2871 1332 2936 sin-

181 2972 259 3059 gula
283 2975 367 3060 aptis
391 2977 592 3041 carminibus
616 2977 841 3041 comitabatur.
865 2976 978 3063 Itaque
1001 2989 1033 3040 et
1057 2988 1208 3041 nutantes
1233 2977 1329 3042 Litu-

181 3102 261 3144 anos
284 3079 391 3146 hortat
379 3094 442 3165 tur,
467 3095 536 3146 utt
524 3083 679 3147 tutandae
702 3083 743 3147 ab
767 3082 914 3147 hostibus
931 3083 1049 3148 Vilnae
1073 3085 1179 3169 gratia
1200 3086 1233 3147 in
1251 3106 1329 3149 oon—

180 3186 327 3251 ‹lioiones
352 3190 532 3253 concedant
557 3190 611 3272 (Il,
636 3192 710 3272 274,
733 3191 854 3273 42),et
821 3202 1026 3254 comune
1028 3213 1134 3254 runem
1154 3214 1219 3256 non
1236 3216 1331 3279 posse

182 3315 254 3358 esse
276 3294 406 3358 firmam
430 3309 524 3382 atque
545 3295 691 3380 solidam,
715 3296 778 3359 nisi
800 3297 962 3380 aequitate
978 3297 1111 3382 parique
1128 3300 1329 3384 coniungen-

183 3399 299 3464 dorum
324 3401 396 3465 iure
419 3403 549 3486 nitatur,
581 3346 733 3466 admoriet
756 3403 812 3485 (Il,
837 3404 910 3486 tiit,
942 3403 991 3467 IV
1014 3414 1046 3467 et
1069 3403 1122 3487 V),
1153 3416 1185 3468 et
1207 3406 1331 3468 iureiu-

174 3506 286 3574 rando
325 3508 465 3595 denique
503 3522 648 3573 sanctam
688 3509 841 3573 unionem
879 3509 1020 3596 appellat
1060 3512 1329 3596 pretiosissimum

174 3615 345 3698 unionem,
377 3616 440 3680 Dei
464 3617 613 3701 regisque
638 3638 792 3699 magnum
816 3639 905 3702 opus,
935 3615 1021 3702 quod
1047 3616 1198 3681 l'0loniae
1222 3617 1330 3681 hostes

183 3732 271 3785 metu
305 3721 480 3808 perculerit
511 3723 573 3804 (II,
597 3725 795 3805 att-277).
835 3724 918 3789 Cum
949 3723 1067 3788 deiude
1098 3725 1217 3787 certior
1245 3739 1330 3788 essct

183 3827 290 3892 sactus
314 3828 470 3891 Ioannem
494 3828 782 3913 Clrudkievicium,
806 3831 1003 3916 Samogitiae
1027 3831 1249 3917 capitaneum,
1273 3832 1330 3915 qui

184 3944 256 4020 post
280 3947 416 3999 mortem
440 3934 585 4000 Radivili
609 3936 704 4021 Nigri
730 3960 794 4001 una
818 3960 893 4001 cum
916 3937 1070 4001 Radivilo
1093 3936 1179 4000 Rufo
1200 3959 1259 4022 pro
1279 3959 1328 4000 se-

183 4053 295 4127 parato
319 4042 490 4106 Lituaniae
513 4044 671 4128 regimine
696 4046 854 4108 acerrime
871 4043 1042 4127 nitebatur,
1066 4065 1211 4107 inaerore
1228 4045 1331 4107 tristi·

183 4149 292 4233 tiaque
316 4149 499 4213 confectum
525 4151 639 4235 iacere,
675 4152 761 4237 quod
792 4175 864 4216 eum
890 4152 1058 4215 etiamtum
1083 4162 1228 4236 patratae
1253 4173 1332 4215 con-

182 4256 359 4319 iunctionis
377 4259 561 4342 paeniteret,
578 4260 683 4325 tribus
700 4259 901 4324 acuminibus
918 4281 991 4323 eum
1008 4257 1125 4322 leniter
1139 4259 1330 4343 castigando

180 4361 294 4426 docuit
319 4362 352 4427 id
375 4387 446 4430 esse
471 4365 603 4450 facturn,
626 4366 711 4452 quod
735 4366 827 4428 Deus
851 4377 946 4452 atque
971 4389 1029 4430 rex
1046 4365 1234 4450 voluissent,
1258 4367 1332 4452 qui-
