3016 5310
569 489 777 526 cumiusuleuou.

210 684 297 765 Quin
322 707 425 771 genus
447 683 509 749 hoc
532 686 609 750 estis
632 707 749 749 exosus
774 686 873 750 frater
897 698 1030 774 uterque

210 793 428 878 Iuventosque
451 815 552 856 novos
575 793 666 874 ritae
690 814 750 856 nec
774 792 902 858 flectcre
926 817 1040 857 sensus

209 898 434 983 Vittembergu
458 898 533 961 oliin
558 908 681 962 vestros
705 900 895 985 insuetaque
919 922 1012 964 sacru

163 1049 175 1068 κ.
208 1004 410 1070 Persuadere
433 1004 553 1069 docens
579 1006 670 1070 Latio
695 1007 856 1070 contraria
880 1007 993 1092 quivit.

210 1112 381 1195 Dogmetis
405 1112 511 1175 iusuni
536 1112 563 1175 si
587 1113 760 1198 quicquum
784 1112 972 1199 impubibus
995 1114 1107 1200 haesit

210 1218 389 1283 Exsecratu
414 1241 550 1305 sequens
573 1229 661 1283 uetus
684 1219 718 1282 id
742 1219 876 1306 dispulit
899 1244 993 1286 omne

210 1326 402 1411 Avertitque
425 1326 533 1389 unimo
556 1336 586 1390 et
611 1327 694 1390 notis
718 1349 775 1390 vos
799 1327 940 1391 reddidit
964 1330 1037 1393 arie.

299 1432 552 1517 Bartholomuee‚
576 1444 640 1518 tuo,
663 1433 868 1517 Zebridovi1,
892 1445 1020 1520 pectore
1043 1447 1209 1521 quantuni,

163 1574 175 1602 κ.
212 1537 379 1619 Quantum
404 1541 511 1603 animo
535 1540 655 1603 condas
678 1540 816 1625 pietatis,
840 1540 948 1605 dicere
970 1540 1103 1627 longum
1128 1553 1184 1607 est.

209 1645 295 1710 Cera
318 1645 377 1710 tibi
401 1647 505 1732 petria
529 1658 585 1731 est,
611 1647 715 1732 patriu
739 1647 794 1711 sed
819 1648 924 1710 carior
946 1649 1033 1711 omni

212 1751 339 1838 Religio
363 1763 394 1817 et
419 1754 519 1817 saeris
543 1755 723 1817 reverentia
746 1753 855 1817 debita
878 1754 1015 1841 templis,

299 1860 341 1922 Et
363 1858 513 1947 Gespur²
537 1861 644 1943 frater,
669 1883 833 1923 musarum
859 1861 971 1945 cultor,
995 1871 1026 1926 et
1049 1863 1153 1926 omnis

209 1966 318 2030 Paene
341 1965 455 2030 domus
479 1976 624 2031 veterum
648 1967 786 2051 vestigia
810 1979 885 2031 note
909 1978 1020 2032 secute
1042 1978 1099 2032 est.

300 2072 360 2137 Ille
382 2083 458 2159 toga
480 2072 585 2137 bonus
609 2084 639 2139 et
662 2073 747 2138 bello
770 2075 969 2159 Mielecius³‚
993 2075 1077 2138 inter

209 2179 384 2244 (laesorum
407 2181 555 2265 ingentes
579 2181 655 2244 olim
680 2193 826 2245 servatus
850 2204 982 2245 aceruis

209 2285 351 2350 Numine
373 2287 544 2371 Diuorum,
567 2310 703 2372 quorum
728 2310 814 2351 nunc
839 2310 932 2351 sucre
954 2298 1070 2372 tuetur,

208 2393 366 2457 Praetulit
389 2393 478 2457 huud
502 2393 582 2457 alius
605 2394 691 2457 latiis
715 2393 871 2457 ultoribus
895 2417 976 2457 aruc.

210 2499 282 2564 lloc
306 2501 387 2586 putri
413 2500 527 2564 similis
553 2500 712 2584 suboles⁴‚
737 2524 818 2586 quae
843 2501 909 2564 solu
934 2501 1037 2564 virilis

165 2656 172 2670 .
209 2605 335 2693 Obtigit
357 2618 468 2694 estque
492 2608 606 2672 iisdem
632 2607 747 2671 studiis
771 2608 893 2672 imbuta
919 2609 1091 2693 calorisque,

209 2712 269 2777 Illo
292 2724 384 2800 putre
408 2726 511 2778 sutum
535 2726 570 2778 ut
593 2714 706 2779 credas
730 2725 761 2778 et
785 2715 924 2779 caesaris
948 2713 1023 2778 uule

208 2820 365 2906 Dignum,
388 2843 471 2907 quae
494 2844 629 2908 puerunt
655 2822 767 2885 eduxit
792 2822 935 2906 fovitque
959 2820 1102 2885 colende.

297 2926 440 3013 Andree,
464 2951 527 3014 quo
550 2938 590 3012 te,
613 2929 782 3012 'suncini-³,
807 2929 951 2991 carmine
975 2927 1091 3012 dicem,

208 3033 328 3120 Magne
351 3033 452 3118 heroe,
476 3057 580 3120 genus
603 3034 720 3097 illustri
746 3034 785 3098 de
810 3034 967 3118 sunguine
991 3033 1136 3098 ducens?

165 3190 173 3204 .
211 3140 368 3206 Immotus
391 3143 447 3228 qui
472 3152 537 3206 utus
560 3152 724 3228 tamquam
749 3143 909 3227 marpesia
932 3146 1075 3225 cuutesf‘,

208 3249 276 3312 Aut
299 3249 460 3335 scopulus,
485 3273 547 3335 quo
571 3250 638 3312 vim
662 3248 777 3313 mediis
801 3249 972 3335 Neptunus
996 3249 1028 3310 iu
1052 3248 1148 3312 undis

208 3355 404 3442 Contorquet
427 3357 526 3419 muris
550 3367 581 3421 et
604 3356 705 3420 fluctu
730 3355 913 3419 diverberat
937 3365 1017 3419 acto,

208 3461 254 3527 Te
277 3471 503 3548 tempestatum
529 3462 636 3526 nullae
660 3485 788 3527 movere
813 3461 980 3548 procellae,

211 3654 219 3684 ¹
239 3656 356 3706 Barthol.
372 3657 583 3721 Zcbrzydowuki.
604 3658 649 3721 qui
664 3666 755 3721 pouteu
770 3657 904 3721 pulutinus
918 3655 1088 3704 brzestieusiu
1103 3655 1160 3704 luit.
1181 3656 1242 3706 cbi.

163 3744 224 3797 580.

209 3832 343 3900 ’Guepar
363 3834 574 3899 Zebrzydowuki.
596 3835 718 3883 tribunus
738 3835 792 3883 mil.
813 3834 967 3898 (renuistrn)
987 3833 1070 3898 regni,
1091 3840 1184 3898 postea
1198 3850 1244 3898 pu-

163 3940 200 3973 tus
219 3923 392 3975 calissicnsis.

208 4009 350 4063 'Ioannes
369 4016 439 4077 (tryf
457 4013 589 4076 linteoli,
609 4029 639 4061 eo
660 4021 776 4077 tempore
796 4012 931 4076 palatinus
952 4011 1076 4061 l'odoliue
1091 4019 1116 4060 et
1130 4026 1244 4075 mugnus

163 4101 284 4152 achelous
303 4103 387 4167 regni.

206 4189 364 4241 ⁴Nicolauu
384 4191 518 4252 Mielecki,
540 4199 631 4254 posteo
652 4191 787 4254 palatinus
816 4190 941 4239 Podoliuo
970 4198 996 4238 ct
1025 4204 1139 4254 magnus
1168 4188 1244 4253 regni

163 4281 267 4331 ciuium
286 4281 348 4329 dux.

206 4364 217 4396 ⁵
235 4369 373 4433 puletiuue
393 4368 560 4425 lublineneiu,
574 4369 719 4417 virtutibus
734 4367 905 4417 clarissimus.
927 4367 999 4418 ldein
1014 4374 1108 4431 poetou
1120 4364 1248 4416 castellu-

169 4473 275 4508 erecov.
296 4457 356 4508 fuit.

205 4544 315 4613 “Verp
336 4550 401 4597 Aen.
424 4549 461 4596 VI
480 4545 540 4599 471.
