3016 5310
1237 453 1313 505 tatu

173 659 266 724 rediit
292 663 452 725 rationem
480 660 536 743 (ΙΙ,
561 661 635 743 393,
659 661 715 740 21,
747 662 821 743 400,
845 662 876 742 2,
900 662 941 742 2;.
967 663 1041 746 315,
1065 662 1164 747 epigr.
1189 685 1218 725 v.
1243 660 1319 729 ulti-¹

173 789 255 848 mns3
283 768 357 852 143
382 767 408 851 Ι,
435 768 536 853 1111,
560 767 586 850 Ι,
610 768 684 849 238,
710 768 786 849 148)
810 768 923 832 Tacito
937 767 1112 851 accedens,
1135 769 1190 853 qui
1207 768 1320 834 Histo-

172 875 296 939 riarum
318 873 340 938 l.
363 875 389 956 Ι,
414 897 441 940 c.
458 876 499 939 31
526 873 754 956 „et‘necdum“
773 874 887 938 eadem
903 875 945 958 vi,
970 885 1067 960 atque
1085 885 1135 958 „et
1151 874 1316 940 nondum“

172 982 312 1068 scripsit.
351 981 445 1062 Quae
475 1002 550 1045 cum
582 979 714 1062 adnoto,
745 1003 810 1044 non
842 980 982 1045 defendo
1013 980 1318 1046 debilemcausam

171 1087 287 1152 doctae
310 1087 514 1152 ermfusionis
537 1097 721 1173 temporum
744 1086 1029 1174 elocutionemque
1057 1088 1090 1151 in
1119 1089 1244 1154 ratione
1267 1087 1319 1156 dir

172 1195 275 1280 cendi,
300 1194 360 1260 scd
376 1195 536 1284 Ruyzium
553 1217 618 1259 non
633 1206 755 1259 temere
771 1194 829 1258 sed
846 1193 994 1259 consulto
1010 1196 1051 1259 ab
1067 1196 1189 1281 optima
1204 1208 1317 1263 norma

172 1303 203 1366 in
224 1298 292 1367 bac
316 1325 353 1366 re
376 1301 565 1372 discessisse
588 1301 757 1366 contendo.
782 1303 832 1365 lta
852 1302 938 1366 eninr
956 1301 1086 1389 facilius
1102 1300 1318 1388 intellegetur,
1449 1309 1451 1311 ’

172 1431 269 1495 quare
295 1408 440 1497 Royzius
470 1409 634 1473 interdum
666 1409 868 1494 imperativis
900 1409 1095 1494 optativisve
1125 1407 1318 1494 particulam

174 1517 277 1599 ,ιιοιια
309 1515 519 1602 praemiserit
546 1515 583 1597 (Ι,
607 1515 659 1599 62,
682 1516 738 1594 43,
773 1518 846 1598 147,
871 1518 936 1580 313
960 1539 1040 1602 sqq.;
1071 1517 1121 1599 ΙΙ,
1151 1518 1196 1593 16,
1220 1516 1318 1599 ΧΙΙΙ,

173 1625 214 1702 bl:
237 1621 370 1688 scilieet
393 1623 543 1687 conscius
567 1621 630 1686 sibi
654 1621 716 1685 fuit
740 1633 936 1686 structuram
953 1621 1038 1686 hunc
1055 1645 1119 1686 non
1135 1620 1316 1707 elegantem

173 1729 320 1816 quidem,
352 1733 407 1793 sed
438 1739 546 1793 tamen
578 1751 642 1791 non
675 1727 779 1792 solum
811 1730 928 1814 priscis
960 1728 1170 1812 familiarem,
1202 1752 1318 1792 verum

173 1838 269 1901 etiam
293 1835 443 1900 classicis
465 1834 528 1900 hac
552 1834 627 1900 illac
651 1834 853 1901 tolerabilem
876 1857 947 1900 esse
971 1837 1077 1900 visam
1101 1836 1198 1917 (conf.
1219 1836 1318 1919 Verg.

174 1943 291 2030 Georg.
317 1944 343 2026 Ι,
366 1944 445 2024 4563
469 1943 566 2009 Ovid.
591 1946 656 2007 Ars
680 1966 741 2008 am.
765 1945 827 2027 ΙΙΙ,
853 1945 938 2026 131).

278 2049 342 2114 Est
364 2061 481 2133 tamon,
506 2050 561 2114 nbi
585 2050 675 2115 abuti
696 2049 848 2115 videatur
863 2050 1006 2137 Roynius
1022 2049 1155 2115 licentia
1171 2073 1317 2138 praescr·
1389 2041 1390 2044 ¹

175 2159 227 2222 tim
259 2159 296 2221 in
329 2158 449 2221 usitata
472 2157 648 2223 verborum
680 2154 892 2222 collocatione
923 2156 1144 2242 immutanda,
1177 2169 1211 2222 ut
1242 2181 1317 2226 curn

175 2264 287 2330 scribit
310 2265 443 2328 inverso
467 2264 581 2327 ordine
606 2266 767 2349 ,11011111ιι
793 2263 849 2348 (ΙΙ,
866 2266 940 2348 427,
957 2264 1051 2348 VIII,
1067 2267 1109 2345 4),
1135 2263 1186 2329 vel
1205 2265 1319 2348 „Haec

176 2376 267 2437 etiam
293 2369 410 2435 faciles
434 2382 466 2434 et
488 2370 632 2435 tribuero
656 2370 727 2435 ded
754 2371 810 2454 (ΙΙ,
833 2374 908 2455 466,
934 2373 984 2456 17,
1009 2373 1042 2451 63
1070 2371 1155 2435 conf.
1178 2372 1318 2439 Martial,

177 2477 199 2562 Ι,
222 2479 298 2561 103,
322 2480 365 2560 4),
389 2475 440 2541 vel
466 2476 641 2564 particulas
669 2479 878 2564 „postquam“
897 2488 928 2542 et
948 2477 1073 2563 „unde“
1092 2479 1211 2564 inipso
1228 2481 1319 2546 exitu

175 2585 332 2650 enuntiati
357 2583 496 2648 collocat
518 2584 575 2668 (ΙΙ,
599 2586 674 2668 268,
698 2585 745 2666 113
769 2587 844 2667 269,
868 2586 920 2668 30,
941 2587 982 2668 3).
1007 2585 1225 2671 Antiquorum
1241 2609 1318 2672 poe-

175 2704 282 2772 tarum
304 2690 470 2755 licentiam
495 2713 630 2755 servans
654 2692 797 2780 Royzius
820 2693 950 2778 saepius
969 2693 1222 2778 praepositiones
1238 2693 1317 2779 ipsis

176 2799 343 2863 nominum
367 2796 495 2880 formis,
528 2796 569 2861 ad
593 2821 673 2883 quas
697 2799 872 2883 pertinent,
901 2799 1091 2886 postposuit,
1122 2798 1317 2886 easdemque

175 2906 329 2970 audacter
353 2927 372 2969 a
388 2905 576 2972 nominibus
592 2905 706 2969 alienis
722 2906 857 2970 vocibus
874 2905 1044 2970 disiunxit.
1067 2905 1180 2992 ltaque
1196 2907 1230 2971 in
1246 2907 1318 2974 eius

175 3012 376 3077 carminibus
400 3011 539 3098 legimns
563 3033 627 3075 nou
652 3010 756 3076 solum
783 3023 834 3096 „te
850 3013 939 3076 sincl
968 3012 1239 3097 (ΙΙ,76,11,17),
1266 3025 1318 3098 „te

176 3133 288 3184 contra
299 3119 420 3183 dicito“
436 3118 492 3203 (ΙΙ,
508 3119 583 3202 426,
599 3117 676 3202 VII,
694 3120 747 3199 1ος
765 3118 849 3184 conf.
865 3118 1005 3183 Martial.
1022 3119 1147 3203 V1‚23,
1164 3122 1205 3203 4),
1227 3120 1318 3203 „siue

174 3226 307 3295 ducitur
337 3223 412 3290 ullis
443 3223 608 3289 consiliis“
635 3225 675 3309 (Ι,
697 3226 726 3309 8,
752 3226 836 3310 132),
871 3227 975 3310 „inter
1005 3225 1126 3292 habere
1155 3227 1251 3291 suos“
1278 3227 1318 3311 (Ι,

174 3334 245 3417 228,
272 3335 337 3417 17),
368 3330 426 3396 sed
450 3333 548 3396 etiam
575 3330 728 3417 „Pallade
753 3355 828 3397 cum
851 3334 1003 3398 blavors“
1030 3334 1086 3416 (ΙΙ,
1111 3334 1161 3415 80,
1186 3332 1319 3418 XVIII,

173 3442 212 3524 2),
235 3440 270 3504 id
295 3438 382 3526 quod
406 3439 470 3502 iam
495 3438 536 3503 ab
562 3440 632 3526 ipsa
656 3440 861 3525 antiquorum
887 3440 1019 3505 licentia
1042 3439 1215 3505 abhorrere
1237 3439 1317 3505 milri

174 3547 314 3612 ridetur.
339 3547 509 3611 Praeterea
538 3545 671 3610 liberior
701 3547 862 3632 reperitur
892 3546 1035 3634 Royzius
1066 3547 1099 3611 in
1130 3545 1317 3631 usurpanda

172 3654 264 3719 tmesi
291 3653 363 3716 sive
386 3652 421 3716 in
444 3651 618 3717 verborum
644 3659 708 3716 non
734 3652 836 3716 solnm
861 3654 1120 3738 compositorum,
1144 3652 1315 3719 sedetiam

173 3760 370 3850 simplicium
396 3760 544 3847 partibus
567 3759 797 3825 distrahendis.
821 3761 952 3825 Praeter
976 3759 1124 3824 faciliora
1147 3760 1243 3824 liuius
1258 3784 1316 3846 ge·

172 3867 268 3953 ueris,
301 3879 337 3930 ut
363 3867 499 3952 „tiaram
523 3877 668 3954 tempora
691 3868 787 3952 cinge
810 3868 925 3954 super“
952 3867 994 3950 (1,
1018 3868 1092 3936 227,
1116 3868 1137 3930 2
1161 3873 1227 3952 sq.),
1259 3878 1317 3932 aut

174 3977 246 4060 „cni
270 3997 337 4039 non
362 3985 437 4040 ante
460 3972 547 4039 ullus
579 3973 678 4038 fuerit
710 3975 829 4060 pietate
860 3973 1034 4039 ferendus“
1069 3973 1106 4054 (Ι.
1132 3974 1204 4055 168,
1228 3975 1316 4059 234),

173 4083 323 4170 legimus:
359 4081 494 4165 „funera
519 4133 525 4144 .
550 4132 556 4144 .
581 4131 588 4146 .
612 4092 686 4146 ante
710 4083 756 4145 tui
782 4083 940 4146 cessoris“
974 4080 1016 4165 (Ι,
1040 4082 1070 4164 4,
1094 4081 1114 4143 6
1138 4083 1205 4165 aql,
1236 4083 1316 4168 quin

174 4192 281 4254 etiam:
317 4188 429 4272 „Bona
452 4200 554 4253 —tu
582 4227 619 4234 -
645 4199 784 4253 ventura
807 4188 885 4276 quid
910 4189 1033 4274 egeris“
1069 4187 1106 4273 (Ι,
1132 4190 1204 4271 174,
1229 4189 1317 4271 376),

174 4309 203 4360 et
227 4296 322 4382 „Hac
345 4317 472 4381 quoqne
495 4306 528 4362 te
551 4297 665 4360 merito
689 4296 791 4361 iactas
815 4298 934 4383 pietate
957 4295 1084 4362 Sebasti
1108 4334 1150 4342 —-
1174 4297 1314 4362 Ane“...

176 4403 211 4486 (1,
233 4402 308 4487 184,
332 4403 395 4467 937
421 4405 488 4488 sq.).
512 4401 610 4466 Unde
633 4400 730 4484 facile
745 4413 880 4491 apparet
895 4403 1056 4490 Royzium
1076 4403 1110 4468 in
1127 4402 1313 4468 nominibus

179 4522 273 4575 rastro
296 4508 448 4595 aptandis
470 4532 535 4575 non
556 4509 657 4574 fuisse
672 4518 739 4574 tam
756 4509 945 4597 diligentem
961 4519 1191 4593 attentumque,
1214 4533 1312 4594 quam

277 4623 390 4663 Gurmlnt.
405 4625 431 4664 T.
447 4625 467 4664 1.
1183 4617 1207 4664 V
