3016 5310
679 507 836 542 escussario.
1225 492 1327 542 LXVII

841 577 1077 595 -’“-’.-......---....
1088 587 1323 595 -..-.—-..-

181 703 272 785 sisse,
304 712 402 788 atque
434 701 680 767 coniunctivnm
711 701 848 787 perlecti
879 702 1033 789 temporis
1065 723 1140 767 cum
1163 701 1327 788 praesenti

180 809 362 873 sententiae
386 807 561 895 primariae
584 809 640 893 (II,
664 810 738 893 451,
762 809 810 894 Π,
836 810 900 896 10),
930 809 1048 874 deinde
1079 809 1326 874 coniunctivum

181 917 364 1001 praesentis
388 937 464 980 cum
487 915 632 1002 perfecto
655 915 808 980 historico
831 915 977 981 eiusdem
1000 916 1125 981 ordinis
1148 916 1327 980 sententiae

180 1023 234 1107 (IL
259 1024 338 1106 290,
362 1023 407 1108 ΙΙ,
431 1023 464 1105 3)
488 1024 705 1089 coniunxisse.
734 1023 838 1110 Saepe
861 1023 940 1088 talia
964 1022 1131 1088 commode
1154 1024 1200 1087 ita
1222 1021 1328 1110 expli-

181 1141 306 1214 cantur,
339 1140 375 1193 ut
405 1141 613 1217 praesumpta
643 1132 769 1195 ratione
799 1131 940 1217 quadam
972 1130 1077 1216 logica
1108 1132 1179 1217 ipsa
1202 1129 1327 1194 formae

181 1236 333 1301 condicio
356 1246 508 1324 superata
531 1258 602 1301 esse
617 1236 755 1322 dicatur,
779 1236 858 1301 mihi
875 1249 983 1302 tamen
1000 1249 1136 1324 utroque
1152 1237 1222 1301 loco
1239 1235 1326 1323 apud

182 1344 344 1434 Royzium
368 1345 542 1430 praecipue
563 1343 774 1410 difficultates
790 1345 945 1409 metricae
961 1345 1110 1408 vitiosam
1128 1355 1327 1408 structuram

182 1451 367 1538 prodidisse
391 1449 554 1515 videntur.
579 1454 621 1516 At
645 1453 852 1538 cogitationis
868 1452 1008 1539 quadam
1025 1452 1228 1516 aberratione
1244 1449 1327 1516 obli-

183 1560 345 1645 vioneque
369 1557 493 1623 factum
516 1582 588 1623 esse
611 1561 737 1645 opinor,
762 1570 796 1623 ut
818 1560 962 1648 Roynius
986 1561 1229 1624 consecutivam
1254 1581 1327 1622 sen-

182 1667 317 1729 tentiam
342 1687 488 1750 exorsus,
519 1665 583 1730 alio
607 1667 773 1731 enuntiato
796 1667 983 1753 explicandi
1008 1689 1107 1732 causa
1130 1688 1188 1752 per
1210 1687 1327 1751 paren-

181 1772 288 1837 thesin
313 1772 450 1839 adiecto.
474 1774 609 1838 rationis
634 1776 734 1840 initae
750 1774 879 1859 oblitus,
902 1774 1003 1839 veluti
1019 1774 1216 1860 primariam,
1240 1771 1326 1835 indi-

183 1882 290 1945 cativo
302 1879 401 1946 modo
414 1880 611 1946 concluserit
623 1883 678 1963 (ΙΙ,
691 1883 766 1967 289,
781 1885 798 1946 7
812 1885 880 1968 sq.).
893 1882 1018 1946 Vitium
1031 1882 1088 1946 vix
1100 1879 1326 1944 excusandum

183 1988 305 2074 vixque
328 1987 391 2074 ipsi
414 1987 539 2076 Royzio
562 1988 788 2074 imputandum
821 2000 869 2052 est
900 1989 1039 2074 denique
1069 1986 1151 2052 illud
1186 1987 1326 2073 ,dignus

184 2094 333 2159 auferre“
367 2117 424 2180 pro
455 2095 618 2179 ,auferri“
651 2097 681 2181 I,
708 2098 783 2179 230,
812 2098 862 2161 77.
901 2096 1099 2162 Confusione
1129 2106 1238 2159 tamen
1269 2092 1326 2157 illa

184 2202 383 2287 pronominis
406 2202 556 2267 rellexivi
583 2205 661 2289 ,sui
686 2206 784 2267 suus“
810 2214 917 2290 partes
940 2203 1141 2290 pronominis
1160 2203 1216 2286 ,is,
1233 2201 1322 2265 eius“

185 2331 222 2373 ex
245 2306 380 2395 vulgari
404 2311 613 2397 antiquorum
637 2311 767 2375 dicendi
786 2310 1021 2375 consuetudine
1036 2312 1140 2395 magis
1157 2309 1326 2394 magisque

185 2438 285 2501 usque
308 2414 352 2480 ad
376 2417 545 2482 Laurentii
569 2417 686 2482 Vallae
709 2429 856 2504 tempora
879 2418 1084 2504 occupantis,
1117 2419 1181 2481 iam
1214 2425 1326 2480 carent

184 2522 296 2614 Royzii
321 2525 478 2589 carmina.

289 2631 330 2695 In
355 2630 484 2696 delectu
509 2631 684 2697 verborum
709 2632 909 2719 singulisque
933 2632 1182 2717 cogitationibus
1210 2629 1325 2693 adum-

185 2736 318 2802 brandis
342 2738 629 2826 exprimendisque
652 2750 683 2804 et
706 2738 838 2825 elegans
861 2739 1006 2828 Royzius
1029 2749 1079 2804 est
1102 2750 1133 2802 et
1148 2748 1273 2820 acutus,
1298 2737 1325 2799 si

184 2855 292 2910 tamen
316 2846 351 2908 in
376 2845 514 2932 singulis
538 2849 706 2911 sententiis
729 2848 905 2911 verborum
930 2847 1089 2929 ordinem,
1113 2846 1146 2908 in
1170 2843 1325 2930 longiori-

185 2951 241 3016 bus
265 2952 411 3039 periodis
427 2954 668 3018 enuntiatorum
686 2965 831 3019 mutuam
849 2955 1005 3019 rationem
1024 2952 1326 3040 copulationemque

184 3071 320 3145 spectas,
345 3058 455 3124 multis
469 3060 549 3125 locis
566 3063 625 3126 vix
640 3084 715 3125 eum
735 3061 927 3126 insolentiae
944 3061 1113 3125 cuiusdam
1127 3060 1326 3144 inertiaeque

185 3168 321 3232 crimine
345 3167 516 3233 absolvere
539 3192 647 3255 queas.
671 3170 756 3232 Nam
780 3182 810 3233 et
834 3170 868 3231 in
885 3167 1084 3233 dislocandis
1100 3166 1220 3241 verbis,
1244 3187 1327 3252 quae

183 3275 266 3340 inter
290 3297 326 3339 se
344 3274 525 3360 cohaerent,
549 3298 613 3341 uon
631 3277 734 3340 solum
751 3277 864 3340 tritum
881 3277 1068 3362 rationeque
1085 3274 1326 3360 perspicuitatis

183 3382 354 3468 probatum
380 3382 526 3448 ordinem
551 3407 781 3471 saepenumero
806 3384 926 3448 deserit
953 3393 986 3447 et
1008 3381 1199 3469 plerumque
1215 3381 1328 3444 ·nescit

183 3491 419 3554 sententiarum
435 3492 593 3555 circuitus
609 3493 655 3556 ita
672 3491 874 3575 concludere,
894 3502 929 3555 ut
945 3488 1182 3576 quodammodo
1198 3488 1326 3574 respirii

183 3597 379 3684 singulaque
398 3599 604 3684 cogitationis
621 3601 765 3664 membra
783 3598 958 3684 colligendi
975 3599 1017 3662 sit
1031 3596 1131 3679 locus,
1155 3594 1211 3660 sed
1229 3596 1326 3658 etiam

182 3703 420 3770 coacervandis
443 3707 620 3770 enuntiatis
643 3709 947 3791 enuntiatorumquc
978 3704 1134 3769 membris
1165 3724 1326 3766 novarum

183 3812 422 3877 sententiarum
445 3812 676 3878 additamentis
699 3813 903 3878 illustrandis
927 3811 1194 3900 explicandisque
1211 3811 1327 3893 latigat

182 3942 417 4006 nonnunquam
442 3920 580 4006 legentis
602 3922 747 3985 animum
772 3921 945 4008 stilumque
969 3921 1070 3985 efficit
1093 3918 1190 4004 paulo
1210 3917 1326 3981 obscu-

182 4027 300 4090 riorem
324 4025 568 4114 molestumque.
607 4030 699 4109 (lirae
725 4052 812 4111 oiim,
843 4030 1027 4115 quicunque
1057 4027 1173 4115 Royzii
1206 4027 1327 4111 scripta

184 4130 307 4219 legerit,
333 4132 431 4198 facile
454 4136 499 4198 ita
523 4158 593 4200 esse
617 4137 782 4222 concedat,
807 4137 920 4222 paucis
943 4135 1152 4221 gravioribus
1176 4133 1255 4197 locis
1271 4131 1328 4196 de-

186 4250 424 4304 monstraturus
448 4243 626 4329 acquiesco.
666 4247 772 4329 Atque
795 4242 876 4306 hacc
899 4243 999 4307 habes
1024 4242 1201 4330 specimina
1232 4239 1328 4303 laxae

187 4347 355 4411 cuiusdam
388 4347 627 4437 languidaeque
658 4352 890 4415 sententiarum
922 4349 1147 4437 copulationis:
1187 4348 1217 4429 I,
1251 4347 1327 4427 229,

188 4454 225 4515 47
251 4476 332 4541 sqq.;
357 4456 431 4541 227,
457 4459 473 4521 1
496 4478 575 4543 sqq.;
600 4460 629 4540 5,
653 4460 695 4523 36
713 4481 792 4545 sqq.3
819 4459 891 4543 142,
909 4457 1096 4537 142-1523
1122 4456 1196 4537 220,
1218 4455 1326 4517 112-

192 4562 259 4645 124,
282 4563 478 4629 inversionis
503 4565 588 4630 soliti
611 4567 853 4630 enuntiatorum
873 4564 1010 4628 ordinis:
1035 4565 1060 4649 I,
1079 4565 1150 4641 172,
1168 4563 1233 4626 324
1251 4584 1326 4647 sqq,

1183 4688 1221 4735 VO
