3016 5310
324 448 372 501 hx
812 463 966 500 enarrarre

1368 539 1457 548 ...⁴-

322 658 466 724 emiesas.
490 660 563 740 Quo
587 658 621 721 in
645 678 779 722 numero
802 667 879 723 sunt
902 656 986 722 duae
1009 655 1134 743 elegiae
1156 654 1343 722 Ovidiauae
1359 654 1460 736 (Tria

321 764 380 847 IV,
405 768 437 845 93
463 765 502 845 V,
527 766 560 843 8)
591 775 622 830 et
653 764 821 852 Royziana
847 762 904 827 illa
928 763 1077 835 Iuventio
1100 765 1134 829 in
1158 760 1344 848 praesulem
1367 781 1461 847 quen-
1500 795 1502 813 ι

321 870 396 937 dam
421 873 463 956 (I,
486 872 688 951 258-262)3
720 869 950 935 ardentissima
981 892 1059 936 vero
1086 869 1374 956 copiosissimaque
1397 868 1461 935 ein

321 978 408 1044 modi
433 978 600 1042 invectiva
622 988 670 1041 est
694 977 805 1043 Ovidii
830 977 907 1059 Ibis,
932 976 973 1043 ad
996 975 1164 1063 exemplar
1179 973 1376 1042 Callimachi
1391 996 1461 1043 uua·

323 1085 463 1168 cinnatu,
487 1108 584 1171 quam
609 1084 761 1172 Reyuius,
786 1106 859 1148 cum
877 1084 959 1152 bene
975 1085 1138 1168 cognitam
1161 1081 1319 1151 memoria
1335 1090 1463 1165 tonent,

322 1193 357 1256 in
388 1192 456 1256 suis
487 1193 578 1257 Diris
609 1192 651 1273 (I,
683 1215 734 1278 pg.
766 1193 832 1261 263
860 1196 938 1278 sqq.)
971 1189 1083 1276 procul
1115 1188 1215 1255 dubio
1246 1198 1380 1255 secutus
1411 1198 1461 1251 est

322 1301 526 1384 Argumenta
550 1321 628 1364 vere
651 1298 805 1384 elegiaca,
829 1299 854 1362 si
880 1296 1118 1381 alongioribus
1134 1295 1307 1383 epitaphiis
1323 1294 1462 1379 recedaq

322 1427 396 1471 raro
418 1404 480 1472 hoc
503 1416 606 1471 metro
629 1403 813 1470 modulatus
837 1416 885 1469 est
909 1404 1062 1492 Royzius,
1095 1415 1129 1468 ut
1160 1401 1233 1468 illos
1258 1401 1311 1467 Ad
1335 1401 1461 1471 Tonitii

322 1536 435 1579 manes
467 1512 616 1599 plauctus
648 1512 771 1594 (11‚3t
798 1517 855 1596 sq.)
888 1508 939 1574 vel
972 1533 1104 1575 carmen
1137 1510 1176 1574 ln
1209 1508 1300 1573 obitu
1332 1507 1461 1593 Georgii

323 1621 414 1686 Bona
438 1620 494 1703 (II,
518 1622 580 1684 331
607 1626 677 1705 sq.);
702 1618 789 1683 idean
812 1630 918 1682 tamea
937 1640 1013 1682 usus
1029 1629 1078 1682 est
1093 1640 1130 1682 eo
1147 1615 1317 1702 aliquoties
1334 1625 1462 1681 auctore

321 1727 442 1801 Ovidio
466 1730 499 1791 in
525 1727 762 1814 propempticis,
785 1725 903 1812 quibus
926 1726 1074 1790 carmina
1098 1747 1174 1808 sua,
1189 1723 1306 1788 amicis
1322 1723 1462 1808 virisque

320 1835 504 1902 illustribus
527 1835 635 1917 missa,
658 1830 914 1898 commendabat.
939 1831 1062 1896 Eodem
1083 1831 1223 1917 denique
1247 1840 1350 1896 metro
1373 1851 1462 1895 enar·

322 1943 416 2009 rabat
440 1963 491 2005 rus
515 1952 623 2025 gestas
651 1940 842 2025 (1,22sq.;
873 1941 939 2003 273
963 1961 1020 2025 sq.;
1053 1940 1114 2004 281
1142 1942 1220 2024 sqq.)
1252 1936 1295 2002 ad
1324 1938 1460 2022 speciem

323 2049 427 2113 ultimi
464 2048 538 2112 libri
577 2048 778 2132 Propertiani
814 2046 866 2110 vel
902 2045 1057 2110 similium
1094 2047 1127 2109 in
1159 2045 1267 2110 Fastis
1291 2042 1460 2110 Ovidianis

323 2155 475 2222 locorum.

429 2260 532 2326 Multo
557 2261 661 2324 rarius
684 2258 951 2344 hendecasyllabi
975 2258 1135 2344 phalaeeii
1160 2259 1298 2323 formam
1322 2257 1461 2346 Roynius

322 2372 355 2434 in
381 2392 473 2433 usum
499 2391 593 2432 suum
617 2369 755 2451 vocavit,
779 2366 860 2450 ideo,
885 2378 920 2431 ut
944 2368 1100 2452 suspicor,
1123 2366 1210 2453 quod
1233 2377 1282 2433 est
1305 2388 1345 2432 ea
1362 2367 1461 2432 forma

321 2477 523 2564 potissimum
549 2475 662 2562 lyrieie
686 2474 832 2560 partibus
857 2474 1042 2559 familiaris,
1073 2499 1092 2538 a
1122 2475 1241 2561 quibus
1272 2483 1369 2540 extra
1399 2473 1462 2560 epi·

321 2584 512 2669 grammatis
535 2582 689 2646 termines
713 2582 880 2666 ingenium
904 2584 974 2647 eius
999 2582 1066 2646 sere
1090 2581 1294 2647 abhorrebat.
1323 2581 1462 2651 Metram

321 2689 383 2757 hoe
408 2712 581 2775 usurpasse
605 2689 709 2753 fertur
731 2690 765 2752 in
786 2690 986 2754 carminibus
1004 2690 1071 2755 suis
1087 2692 1192 2776 prima
1208 2688 1339 2774 Sappho
1356 2708 1462 2752 susee-

324 2808 504 2884 petuntque
527 2797 681 2860 continuo
704 2795 759 2859 elii
784 2809 896 2881 poetae
920 2820 985 2866 non
1009 2797 1113 2861 solum
1137 2794 1262 2878 melici,
1285 2794 1344 2860 sed
1369 2796 1462 2860 etiam

322 2904 493 2971 dramatici
519 2904 560 2967 ad
585 2916 692 2990 partes
716 2904 838 2991 lyricas
854 2903 1068 2969 exornandas.
1091 2904 1184 2968 Idem
1201 2904 1234 2966 in
1251 2900 1380 2969 deliciis
1396 2910 1463 2966 erat

323 3011 409 3098 apud
428 3023 537 3097 poetas
553 3010 792 3094 alexandrinos,
813 3034 892 3097 quos
909 3012 941 3075 in
959 3010 1071 3076 codem
1088 3032 1206 3094 genere
1219 3007 1373 3074 aemulati
1391 3017 1464 3075 sunt

321 3118 460 3185 Romani
473 3119 661 3204 praesertim
675 3118 751 3183 inde
764 3141 783 3181 a
796 3117 916 3184 Catulli
932 3129 1044 3182 aetate.
1070 3117 1165 3182 Unde
1183 3115 1280 3180 facile
1296 3117 1414 3192 evcnit,
1431 3124 1464 3180 ut

322 3226 420 3290 etiam
430 3240 501 3312 poet
511 3237 623 3289 renata
632 3227 834 3310 antiquitatis
846 3225 953 3289 studia
966 3223 1049 3288 levis
1061 3224 1117 3287 illa
1130 3223 1235 3289 forma
1248 3223 1385 3288 metrica
1397 3244 1464 3289 ere-

322 3333 398 3400 bros
421 3333 555 3398 haberet
578 3344 747 3398 amatores.
773 3332 869 3418 Apud
894 3331 1032 3396 Polonos
1053 3333 1117 3396 iam
1134 3330 1256 3396 Paulus
1272 3330 1463 3395 Orosnensis

321 3443 355 3505 in
378 3440 439 3507 hoc
463 3452 564 3505 metro
589 3440 675 3504 vires
699 3463 775 3504 suas
799 3452 953 3525 expertus
976 3450 1033 3522 est,
1057 3462 1118 3503 nee
1142 3448 1213 3524 post
1229 3459 1303 3502 eum
1321 3435 1464 3518 defuere,

321 3549 376 3634 qui
401 3548 556 3612 foverent.
596 3547 712 3612 Noster
737 3545 1047 3634 hendecasyllabum
1072 3545 1275 3632 phalueeium
1303 3543 1465 3608 continuit

321 3656 408 3719 intra
432 3654 560 3720 eosdem
585 3654 652 3717 fere
676 3654 766 3737 fines,
790 3654 908 3740 quibus
932 3653 1018 3739 apud
1035 3652 1198 3719 Catullum
1217 3649 1464 3736 Martialemque

322 3773 371 3828 eet
394 3762 674 3846 circumscriptae,
706 3762 928 3847 expressitque
952 3760 1013 3825 hoe
1038 3770 1139 3824 metro
1171 3761 1255 3823 intra
1285 3779 1464 3842 paucarum

322 3869 527 3955 stropharum
551 3869 654 3954 spatia
679 3867 824 3950 singulos
848 3869 950 3932 animi
967 3869 1015 3931 sui
1032 3868 1177 3948 affectus,
1202 3877 1296 3951 prout
1312 3887 1364 3929 res
1382 3863 1465 3932 tule-

321 3989 410 4058 rant,
443 3976 516 4040 laeti
543 3975 707 4057 ineest-ive,
738 3975 977 4059 indignabundi
1003 3974 1054 4037 vel
1078 3973 1240 4038 desiderio
1263 3983 1320 4035 aut
1344 3972 1464 4058 pietate

320 4085 469 4169 gratiave
493 4083 653 4146 commoti.
693 4085 742 4146 Ac
767 4084 955 4168 strepissime
985 4081 1117 4167 quidem
1142 4081 1243 4144 utitur
1273 4079 1335 4143 bac
1359 4078 1465 4143 ferina

319 4191 359 4255 ad
386 4190 485 4254 libros
511 4213 585 4253 suos
610 4189 883 4255 coniurendandos
907 4191 963 4271 (Il,
988 4192 1051 4254 315
1074 4211 1133 4275 sq.;
1156 4191 1222 4253 292
1239 4208 1298 4272 sq.;
1322 4188 1387 4251 298
1405 4209 1465 4273 sqq

319 4296 558 4379 326-32931,
585 4299 672 4377 196);
705 4311 848 4361 ceterum
882 4296 996 4360 eadem
1027 4297 1180 4381 exprimit
1212 4314 1392 4358 maerorem
1422 4316 1464 4358 ex

319 4405 493 4473 Ourrrcovii
520 4403 706 4468 valetudine
730 4405 813 4468 irride
838 4406 953 4468 affeetu
978 4405 1033 4486 (ΙΙ,
1060 4405 1122 4468 1ῖο
1147 4409 1213 4488 sqj).
1240 4399 1398 4485 gaudium
1422 4423 1464 4467 ex

320 4514 469 4578 restituta
493 4512 553 4597 (II,
579 4515 641 4578 172
666 4515 733 4599 sq),
764 4511 911 4577 hortatur
942 4510 1082 4577 eundem
1114 4511 1156 4574 ad
1188 4533 1289 4576 novos
1322 4530 1464 4575 mutones
