3016 5310
804 451 880 484 Pli'l'ltl
902 451 989 484 ROl'le

435 645 692 711 (tumve1iuvat
715 654 837 730 pectus,
860 665 1028 729 nunquam
1052 644 1217 710 exorabile
1241 655 1365 732 peetus,

434 752 477 815 Et
499 750 610 816 vultus
633 752 766 816 tetricos
789 749 1027 836 metuendaque
1049 748 1169 816 iudicis
1193 773 1252 816 ora

330 879 401 923 res.
436 858 579 944 Sumere,
601 857 762 923 terribiles
785 856 905 942 oeulos,
928 857 1088 944 longeque
1110 859 1281 943 minantes,

435 963 470 1030 si
492 965 577 1051 potis
599 964 773 1029 indomitos
796 963 931 1052 populos
955 963 1085 1030 frenare
1106 965 1297 1052 premendo:

436 1069 501 1136 Seu
524 1093 699 1157 regnorum
722 1070 801 1136 olim
823 1070 887 1135 late
911 1070 1103 1157 moderator,
1127 1081 1163 1136 ut
1186 1071 1252 1136 illis

435 1176 477 1241 Et
500 1200 647 1264 premere
669 1188 701 1243 et
724 1178 817 1242 laxas
840 1177 946 1242 discat
970 1177 1049 1243 dare
1070 1179 1180 1242 iussus
1202 1178 1356 1263 habenas,

327 1304 400 1347 uro.
435 1283 583 1350 Iustitiae
606 1286 714 1349 studio
736 1294 769 1349 et
790 1286 872 1349 iuris
896 1307 930 1349 se
953 1284 1107 1350 destinat:
1129 1285 1194 1371 ille,

434 1389 494 1456 Ille
517 1391 597 1455 mihi
620 1393 746 1456 Divum
769 1392 924 1477 auspiciis
947 1402 978 1457 et
1001 1393 1135 1457 numine
1157 1393 1271 1456 firmus

434 1498 593 1563 Praebeat
615 1509 754 1564 attentas
778 1500 895 1563 animis
919 1498 1108 1564 ardentibus
1132 1521 1236 1564 aures.

434 1604 623 1670 Monstrabo
648 1605 842 1693 facilemque
864 1606 951 1670 viam
975 1628 1097 1693 perque
1120 1606 1224 1670 ardua
1246 1616 1354 1670 tutum

433 1710 522 1776 Leve
544 1723 575 1777 et
598 1714 660 1777 iter
684 1713 769 1777 sacri
792 1711 913 1798 templa
935 1711 977 1776 ad
1001 1712 1207 1777 sanctissima
1229 1714 1321 1791 iuris,

392 1867 399 1880 .
434 1816 556 1883 Debita
578 1820 729 1904 iustitiae,
752 1819 808 1883 dat
831 1818 887 1884 ubi
911 1842 969 1883 suu
992 1829 1066 1883 tura
1090 1819 1242 1884 sacerdos

432 1924 590 1990 Astraeae
612 1935 644 1990 et
666 1925 731 1990 late
754 1927 885 1990 meritos
909 1925 1026 1990 indicit
1048 1925 1195 2011 honores,

432 2031 598 2118 Astraeae,
622 2032 742 2098 scelere
766 2043 797 2097 et
821 2032 907 2098 forro
930 2055 1013 2119 quac
1036 2033 1130 2120 pulsa
1153 2032 1335 2119 Gigantum

432 2136 520 2202 Olim
543 2138 654 2204 orbem
677 2140 872 2204 invisum—
887 2149 1035 2204 nostrum
1058 2139 1316 2205 scelus—alma
1331 2139 1460 2226 reliquit

522 2243 606 2310 (lum
628 2245 798 2332 vulgarem
821 2246 898 2309 olim
929 2268 1063 2311 romana
1089 2269 1147 2333 per
1169 2245 1289 2333 oppidu-
1312 2246 1460 2333 linguam,

392 2400 399 2413 .
434 2349 541 2430 Quam
564 2353 746 2439 priscorum
769 2352 865 2418 hodie
888 2375 1052 2440 perpauea
1073 2352 1241 2419 volumina
1264 2364 1404 2439 servant,

432 2457 530 2522 Noris
553 2469 585 2524 et
608 2460 788 2546 argolicum
811 2460 1001 2547 praedivitis
1025 2461 1090 2524 oris
1112 2459 1269 2526 honorem

433 2563 619 2650 Addideris,
643 2589 757 2653 eampo
781 2577 812 2631 et
836 2568 1017 2654 spatiabere
1040 2566 1123 2632 liber
1145 2576 1294 2654 utroque:

432 2671 646 2759 Disceptandi
670 2683 771 2738 artem
794 2675 920 2739 —tibi
944 2696 1005 2739 nec
1028 2673 1216 2739 dissuadeat
1240 2697 1385 2760 unquam

433 2777 538 2864 Ullus,
562 2818 606 2826 —
629 2780 692 2865 adi,
715 2781 846 2845 monitis
869 2781 897 2845 si
920 2783 1095 2869 quicquam
1119 2781 1225 2847 credis
1249 2782 1374 2846 amieis.

391 2935 398 2946 .
433 2885 515 2950 Inde
537 2886 696 2973 petendus
719 2889 780 2952 erit
802 2910 913 2953 rerum
935 2887 1174 2975 pulcherrimus
1197 2887 1285 2974 orde,

432 2992 599 3079 Principio
622 3016 717 3080 quem
740 2993 815 3058 olim
839 2993 1093 3082 haudquaquam
1117 2995 1271 3061 didicisse
1291 2994 1420 3082 pigebit,

433 3098 466 3164 Si
491 3099 620 3185 quando
644 3102 740 3165 certis
763 3103 946 3188 quiequam,
969 3102 1025 3190 qui
1047 3101 1208 3189 plurimus
1232 3126 1311 3167 usus

432 3205 471 3269 In
495 3208 575 3291 iure,
599 3207 767 3274 ordinibus
790 3219 822 3273 te
846 3208 1019 3294 digessisse
1042 3208 1168 3274 iuvabit

432 3312 660 3401 Cognatasque
683 3314 772 3380 voles
795 3316 942 3402 cognatis
965 3317 1100 3402 iungere
1122 3315 1229 3400 rebus,

391 3470 397 3482 .
432 3419 506 3483 Non
529 3420 687 3485 elementa
711 3423 801 3508 sequi
825 3422 917 3487 deses
941 3444 1127 3509 moremque
1149 3421 1293 3486 solutum

431 3527 540 3612 Atque
562 3528 686 3593 rudem.
717 3528 828 3593 Rebus
851 3538 924 3615 post
947 3528 1066 3594 dehinc
1087 3551 1146 3617 per
1170 3537 1285 3593 mutua
1308 3530 1410 3611 nexis,

432 3631 624 3699 Sermonum
648 3634 818 3721 amplexus
826 3637 846 3720 ²,
870 3637 1001 3700 sinuosa
1023 3634 1188 3700 volumine
1211 3635 1322 3720 verba,

429 3740 567 3807 Discere
590 3742 660 3826 erit,
682 3743 787 3828 primo
811 3752 843 3806 et
866 3764 1061 3829 cognoscere
1084 3741 1213 3828 singula
1236 3764 1325 3808 nexu

431 3847 520 3926 Quid
542 3847 680 3913 valeant.
712 3849 806 3929 Quae
828 3872 906 3914 vera
928 3849 1058 3913 illorum
1081 3858 1112 3914 et
1136 3858 1226 3914 certa
1248 3860 1399 3935 potestas,

326 3976 396 4018 res.
432 3953 664 4033 Quaerendum
680 3956 820 4041 tandem,
843 3955 929 4042 quod
942 3966 982 4040 te,
1006 3956 1090 4042 quod
1107 3978 1184 4042 prae
1200 3956 1352 4020 omnibus
1365 3973 1458 4020 unum

432 4060 559 4126 Suadeo
583 4064 699 4127 sectari
723 4064 914 4150 penitusque
937 4061 1103 4128 revolvere
1126 4063 1202 4127 totis

427 4167 563 4232 Viribus
586 4169 755 4254 intentum,
779 4169 958 4257 studiisque
982 4169 1167 4234 recentibus
1190 4191 1310 4235 acrem.

432 4424 440 4452 ¹
462 4426 556 4492 lunge:
577 4463 582 4474 .
604 4463 610 4475 .
631 4433 679 4477 aut
697 4442 758 4477 cum
777 4461 783 4473 .
804 4463 810 4476 .
830 4464 847 4492 .,
867 4442 961 4476 cumve
981 4464 987 4476 .
1008 4465 1014 4478 .
1035 4465 1041 4477 .

432 4511 442 4541 ²
465 4537 489 4557 =
514 4515 641 4566 orationis
661 4522 818 4579 structuras,
838 4516 967 4566 circuitus
986 4516 1043 4567 aire
1062 4515 1192 4582 periodos.
