3016 5310
57 553 157 560 ——--
172 554 203 559 .—
219 552 292 560 -—-

59 701 125 744 195.
162 678 277 764 Bugus
300 676 356 742 ubi
380 676 457 741 hino
481 677 586 741 amnis
610 678 722 743 vitreis
744 676 982 764 pulcherrimus
1006 677 1111 764 undis,

160 783 243 851 Inde
264 783 493 849 Muehavieius
516 785 608 871 pieeo
631 795 663 850 te
685 785 815 871 gurgite
837 786 949 872 eingit‚

160 892 274 957 Bresei
297 914 364 977 arx,
388 915 486 979 seque
509 891 565 956 din
589 892 704 957 luetati
727 891 861 958 flumine
883 893 1024 980 iungunt

160 1000 279 1085 Invito,
302 998 382 1063 dum
404 1000 518 1085 Bugus
542 1000 635 1086 aquis
658 1001 715 1063 vix
740 1000 877 1067 sustinet
901 1002 980 1066 atris

160 1107 302 1193 Misceri,
325 1107 407 1171 fonti
431 1107 570 1172 similem
593 1129 723 1173 servare
746 1107 886 1174 eolorem

54 1239 124 1281 seo.
160 1215 312 1281 Anninus
335 1214 503 1301 nitidoque
526 1214 628 1279 altum
651 1225 759 1301 petere
782 1216 913 1301 agmine
934 1226 1078 1304 pontum.

252 1323 296 1387 Hi
320 1344 438 1387 venere
461 1322 580 1410 aliique
603 1331 635 1387 et
658 1344 795 1410 quorum
819 1324 951 1388 nomina
974 1346 1071 1388 versu

161 1430 197 1497 si
220 1452 398 1496 memorare
421 1429 512 1493 iuvat
534 1428 712 1516 laudesque
735 1439 767 1495 et
790 1430 877 1494 saeta
900 1429 1040 1516 superba

159 1538 270 1624 Atque
292 1535 393 1601 deous
416 1537 532 1622 gentis,
555 1537 652 1601 eitius
676 1546 753 1623 quot
777 1534 883 1601 sidera
906 1536 1033 1622 fulgent

161 1643 324 1710 Aetherea
347 1642 525 1708 numerabo
548 1643 654 1731 plaga,
678 1666 817 1731 eumque
839 1665 938 1709 eurus
961 1654 992 1709 et
1016 1645 1120 1708 omnis

55 1775 124 1818 sos.
160 1753 342 1818 Ventorum
364 1752 415 1815 vis
439 1751 588 1816 inoubuit
611 1752 830 1838 neptuniaque
854 1773 933 1815 arva

160 1859 274 1924 Volvit
297 1882 398 1946 agens
423 1857 528 1942 undis,
553 1869 691 1944 surgunt
715 1868 791 1945 quot
814 1859 848 1922 in
872 1879 1011 1945 aequore
1034 1857 1161 1923 fluetus.

252 1967 321 2030 Hos
344 1965 568 2031 Radivilorum
593 1965 694 2030 (leeus
717 1966 861 2050 ingens¹‚
885 1965 1037 2052 famaque
1059 1967 1165 2052 gentis

160 2075 203 2140 Et
227 2074 365 2140 eoeleste
387 2072 483 2138 iubar
505 2072 657 2157 lituanae,
680 2073 847 2160 gloriaque
870 2073 975 2137 omnis

162 2181 342 2248 Sarmatiae
364 2180 503 2266 hospitio
526 2181 662 2266 excepit.
686 2203 750 2266 quo
774 2203 808 2244 se
832 2178 926 2246 Oliea
949 2180 1057 2264 iactat,

56 2312 124 2354 mo.
162 2288 235 2369 Quo
259 2288 351 2373 duee,
374 2288 526 2365 Nesuisii
550 2289 671 2374 primos
695 2288 857 2352 meruistis
879 2286 1031 2353 honores:

161 2397 311 2484 Hospitio
334 2407 509 2480 otmense,
533 2397 650 2460 veteris
674 2419 739 2482 qua
762 2395 850 2459 fama
873 2394 1004 2460 Luoulli

159 2504 321 2587 Vincitur,
345 2512 377 2569 et
400 2527 483 2589 quae
506 2503 581 2567 olim
606 2503 675 2586 tibi,
699 2502 768 2566 dux
791 2503 924 2588 treione,
947 2525 1005 2590 per
1026 2501 1129 2567 altum

159 2612 285 2677 Iaetato
307 2612 414 2676 ventis
437 2621 469 2675 et
491 2609 736 2697 tempestatibus
761 2611 848 2694 atris,

159 2720 223 2784 Per
246 2719 353 2783 varios
378 2740 473 2783 erasus
496 2720 628 2783 Latium
654 2728 685 2783 et
709 2740 794 2782 nova
816 2739 918 2803 regna
940 2717 1062 2805 petenti

58 2848 125 2892 sis.
161 2827 263 2891 Laeta
285 2837 378 2914 parat
401 2825 489 2890 Dido
513 2826 661 2911 augustis
685 2825 837 2889 convivis
859 2824 962 2889 tectis.

159 2933 252 2999 Milia
275 2934 378 2998 multa
400 2932 568 2997 bominum
592 2933 705 3019 pascit,
729 2953 789 2995 nee
812 2952 945 3017 pascere
968 2940 1096 2995 tantum

160 3042 351 3109 Contentus:
375 3041 468 3105 donis
492 3050 603 3105 onerat
626 3040 790 3125 laetosque
812 3038 954 3102 remittit.

160 3149 214 3214 Illi
238 3149 381 3214 caelatus
405 3159 511 3213 crater
533 3147 753 3234 gravidusque
777 3155 911 3232 argento

160 3257 204 3321 Et
227 3257 329 3343 siguis
352 3255 505 3344 scyphus,
529 3254 694 3320 aethereos
717 3253 795 3318 huie
818 3252 936 3317 anulus
959 3253 1052 3338 ignes

56 3387 123 3430 aso.
159 3363 347 3430 Obseurans
370 3386 507 3450 gemma,
531 3373 579 3427 est
602 3385 729 3439 munus,
753 3361 1001 3446 glomeransque
1023 3359 1139 3424 ferenti

160 3473 296 3538 Ineessu
319 3493 450 3558 gressus
475 3472 602 3558 sonipes
624 3469 803 3556 rapidoque
825 3468 1011 3554 relinquens

160 3581 237 3645 Post
258 3589 386 3666 tergum
410 3601 508 3645 eursu
533 3601 673 3665 erinrpos,
696 3579 837 3643 infessus
860 3587 892 3642 ot
915 3597 998 3640 noer.

160 3688 237 3753 Fert
260 3687 343 3751 alius
366 3687 475 3774 pelles,
500 3686 660 3751 aroondae
683 3708 818 3750 munera
841 3685 977 3750 brumae

160 3794 346 3875 Commoda,
370 3817 450 3881 quas
474 3795 566 3859 divos
589 3794 690 3858 vastis
713 3791 902 3857 Mosohovio
926 3790 1017 3855 silvis

56 3925 125 3969 aas.
160 3902 269 3986 Mittit,
292 3912 323 3966 et
345 3901 505 3966 horrentis
529 3911 650 3988 septem
675 3922 806 3965 nemore
829 3899 895 3963 alta
916 3898 1040 3982 trionis,

160 4009 203 4074 Bt
226 4031 309 4095 quae
332 4008 465 4093 longum
489 4029 740 4073 commemorare
763 4016 795 4071 et
818 4006 926 4071 dicere
948 4027 1055 4069 versu.

250 4114 389 4194 Quando
413 4117 458 4179 ita
482 4117 620 4180 fortunis
644 4124 675 4180 et
699 4112 851 4179 censibus
875 4113 974 4178 uteris
998 4112 1123 4199 amplis,

160 4222 371 4310 Illustresque
394 4222 479 4287 datis
502 4221 618 4311 opibus
641 4221 765 4286 moliris
787 4220 934 4306 honores,

55 4360 258 4368 ·————-—.

162 4434 318 4486 ¹Nieolsus
347 4436 488 4486 deziwill
507 4434 618 4503 (Niger),
647 4442 702 4485 tum
721 4433 899 4485 cancellarius
922 4433 1073 4500 bitumine,
1099 4432 1195 4499 palati-

53 4543 102 4579 nus
122 4525 258 4578 Vilusnsis
277 4532 304 4577 et
323 4525 480 4592 capitaneus
498 4524 657 4578 Brestensis.
683 4524 742 4578 Obi.
762 4539 786 4576 a.
807 4520 884 4578 1565.
