3016 5310
436 646 508 711 Hoc
531 657 579 710 est
603 668 674 710 csse
697 656 822 731 patrem
846 645 979 732 patriae,
1003 666 1062 708 vos
1085 666 1166 709 esse.
1190 643 1288 726 Quod
1312 642 1368 709 ille

437 752 602 838 Sacrilego
626 763 674 815 est
697 774 798 816 ausus
822 762 932 816 nostra
955 752 1042 814 intra
1064 752 1194 816 moenia
1216 772 1314 815 versu

333 881 400 924 ros.
432 859 583 925 Scribere
606 880 668 923 nec
691 858 823 924 sceleris
847 880 967 946 poenas
991 856 1049 922 dat
1072 857 1205 922 vindice
1230 857 1318 922 ferro

435 968 504 1030 Aut
525 966 675 1049 flammis,
699 988 780 1052 quas
804 967 990 1052 promeruit,
1015 966 1078 1029 uisi
1102 964 1215 1029 culeus
1239 966 1309 1028 eius

436 1072 583 1138 Debetur
606 1071 731 1157 sceleri,
754 1073 879 1159 patriae
902 1073 957 1158 qui
982 1072 1090 1137 dieere
1113 1082 1222 1160 patres

436 1181 554 1244 Hostes
578 1189 627 1243 est
651 1201 751 1243 ausus
775 1181 909 1265 patriae,
933 1178 1051 1266 quibus
1076 1202 1142 1244 una
1164 1180 1311 1266 pepercit

434 1287 578 1370 Augusti
602 1286 701 1350 irasci
726 1284 899 1350 clementia
922 1288 1034 1351 nescia
1056 1288 1154 1373 regis.

333 1414 400 1458 iro.
431 1393 578 1459 Crimina
601 1392 811 1479 perdiderant
835 1415 911 1456 nam
934 1394 1000 1457 iam
1024 1417 1084 1459 vos
1107 1404 1217 1458 vestra
1241 1394 1401 1481 nefasque

434 1498 622 1572 Infandum,
645 1522 728 1585 quae
751 1499 873 1565 iudicio
897 1501 1046 1586 regisque
1069 1510 1264 1587 patrumque

434 1607 517 1670 Fata
540 1606 751 1671 minabantur
774 1607 869 1671 vobis
893 1630 1045 1694 suprema
1068 1629 1246 1694 necemque

434 1713 596 1777 Infamem
620 1722 652 1777 et
675 1712 774 1776 nullis
799 1713 937 1778 delebile
962 1713 1107 1779 dedecus
1130 1715 1234 1778 annis.

433 1820 550 1885 Pareat
574 1818 725 1884 adulator
748 1831 874 1885 vestras
898 1819 1113 1886 mendacibus
1137 1843 1232 1885 aures

332 1947 400 1990 rra.
430 1925 610 1991 Delenire¹
634 1926 749 2010 modis,
772 1927 959 1991 malesanus
983 1928 1156 2007 Achatius3
1180 1926 1271 1990 illum

433 2033 644 2097 Praestiterat
666 2043 793 2098 mutum
816 2056 916 2119 pecus
940 2057 1011 2098 esse
1035 2035 1239 2121 elingueque,
1263 2032 1346 2097 tales

433 2139 599 2205 Faucibus
623 2141 760 2205 emissas
783 2163 880 2226 quam
905 2139 1005 2227 vulgo
1030 2142 1168 2206 fundere
1191 2161 1304 2221 voces3

431 2246 591 2332 Quodque
615 2248 720 2331 magis
743 2246 871 2334 pudeat,
897 2246 982 2312 male
1007 2259 1093 2311 sarto
1117 2247 1269 2313 claudere
1293 2269 1404 2330 versu,

432 2353 482 2417 Ne
506 2355 657 2440 ignorent
679 2353 828 2418 homines
851 2354 994 2440 pecudes
1018 2356 1116 2419 enixa
1139 2354 1308 2441 loquentes

331 2480 397 2523 120.
431 2461 587 2524 Humana
611 2460 695 2525 facie
718 2461 851 2545 Mariae,
875 2484 959 2547 quac
982 2463 1115 2526 nomina
1139 2473 1280 2545 servant,

431 2566 569 2645 Moenia,
594 2568 778 2632 Prussiaeis
803 2578 965 2633 ostentum
989 2568 1097 2633 nobile
1121 2571 1227 2634 terris.

431 2672 499 2738 Nos
524 2672 751 2738 Balaamaeam
777 2674 908 2738 domino
931 2676 1090 2739 miramur
1113 2674 1247 2739 asellam

432 2779 616 2863 Sacrorum,
642 2791 677 2843 ut
699 2781 864 2865 tradunt²,
888 2794 1000 2846 vatum
1025 2791 1234 2847 monumenta
1258 2780 1424 2846 locutam?

431 2885 552 2952 Scribit
576 2887 663 2972 apud
687 2888 826 2951 Prussos
850 2911 982 2952 versum
1007 2911 1119 2975 pecus3
1144 2888 1265 2952 aditet
1290 2886 1391 2952 audet

329 3014 397 3057 ras.
427 2993 622 3077 Venturum,
646 2995 739 3079 quasi
763 2996 937 3079 victurum,
961 2996 1181 3061 transmittere
1204 2996 1237 3058 in
1262 3016 1392 3059 aevum.

430 3101 527 3181 Quod
543 3113 643 3187 pecus
658 3101 741 3166 hoe?
764 3101 919 3166 stolidum
936 3112 1033 3187 caput
1048 3101 1132 3165 illud
1148 3101 1330 3166 Achatius‘?
1346 3101 1464 3184 infans,

431 3208 550 3272 Dicere
575 3209 601 3270 si
625 3217 735 3291 tentet,
759 3208 933 3273 meditetur
957 3211 1104 3274 earmina
1126 3209 1285 3295 quamvis.

430 3313 624 3380 cantantem
648 3314 801 3399 audieris,
824 3317 979 3401 pecuaria
1002 3316 1120 3382 rudere
1144 3314 1270 3380 credas.

431 3420 556 3486 Cuneus
581 3444 600 3484 a
623 3423 712 3486 curis
736 3421 784 3485 illi
808 3444 988 3508 cognomen
1011 3424 1159 3506 inhaesit,

327 3548 395 3591 rao.
427 3527 495 3591 Aut
519 3527 627 3592 stultis
651 3529 769 3614 pecudi
794 3552 812 3591 a
837 3531 934 3615 curis,
960 3540 995 3593 ut
1019 3531 1164 3594 carmina
1186 3538 1382 3613 monstrant,

429 3635 523 3715 Quae
546 3646 638 3699 curet
661 3658 764 3718 neme,
789 3638 843 3700 cui
867 3647 943 3700 sunt
967 3639 1001 3700 in
1023 3647 1154 3723 pectore
1178 3658 1286 3712 curae,

429 3742 474 3805 At
497 3764 612 3805 sensus
636 3742 783 3825 vulgaris
808 3745 892 3808 inest
916 3745 1075 3808 mentisve
1099 3742 1264 3829 pusillum.

429 3847 498 3912 Nec
521 3851 630 3912 miuus
654 3848 715 3914 hoc
739 3872 773 3913 se
797 3851 1002 3936 praeclarum
1026 3861 1118 3938 putat
1141 3871 1213 3915 esse
1235 3860 1377 3935 prastaam,

428 3954 489 4019 Oui
514 3978 574 4018 nco
599 3955 711 4019 Sulmo
736 3980 845 4042 parem
871 3960 992 4040 gennit,
1016 3979 1077 4022 nec
1100 3958 1236 4021 Mantua
1260 3956 1365 4021 dives.

432 4239 438 4266 ¹
458 4257 506 4289 ms.
526 4241 646 4291 delinire.

429 4326 616 4379 ’Balaamam
636 4339 723 4381 vatem
744 4349 760 4381 a
780 4333 905 4382 Moabitis
925 4333 1093 4395 accersitum,
1113 4343 1143 4383 ut
1161 4333 1299 4383 lsraeli'tus
1319 4332 1461 4383 detestare·

321 4425 372 4480 tur,
398 4418 432 4467 ab
452 4418 545 4480 asella,
571 4434 624 4483 qna
642 4420 791 4482 veheretur,
817 4421 945 4471 divinitus
966 4438 1029 4471 voce
1048 4422 1178 4487 praedita,
1205 4421 1330 4472 edoctum
1350 4438 1417 4483 esse,
1435 4428 1462 4470 nt

321 4506 359 4557 eis
379 4508 471 4558 futura
490 4509 582 4557 fausta
600 4509 806 4572 vaticinaretur,
825 4510 885 4559 libri
906 4511 1005 4561 veteris
1024 4511 1176 4561 tastamenti
1196 4511 1314 4562 tradunt.
