3016 5310
515 475 723 510 cnrarssrrcnou.
1125 457 1189 525 171

1044 546 1192 554 -—--—----

810 559 934 566 .——-
944 558 1193 567 ——-—-

154 668 229 733 Non
252 667 447 734 temnendus
470 667 674 755 ethic,an
697 691 732 734 se
755 669 895 736 Ouiavia
917 671 1017 736 iactat

155 776 314 841 Pontifice
326 779 345 861 ¹,
368 775 457 840 haud
481 774 556 839 ullis
580 774 699 840 cedens
722 775 900 842 maioribus
923 777 998 843 aris.

53 905 118 947 aso.
155 882 270 951 Gloria
292 893 324 948 et
346 882 497 948 Andreas
520 905 713 968 magnorum
737 881 846 947 clarus
869 905 1006 949 avorum

155 990 409 1074 Czarncovius²,
432 989 521 1055 fama
544 1011 609 1053 non
629 989 784 1054 inferiora
806 998 947 1073 secutus,

155 1095 297 1161 Excelsa
321 1097 374 1161 vir
396 1107 512 1180 mente,
535 1107 620 1174 tuus,
643 1096 815 1180 Posnaniu,
837 1095 978 1182 praesul,

156 1202 310 1268 Consiliis
333 1201 437 1267 aderit
458 1203 615 1289 promptis
639 1213 670 1268 et
692 1213 822 1289 pectore
844 1213 919 1287 toto,

155 1309 230 1374 Non
253 1331 420 1396 passurus,
443 1318 495 1374 eat
518 1319 613 1393 retra,
635 1332 718 1395 quae
740 1309 887 1395 patribus
910 1308 988 1375 olim

74 1438 119 1480 „s
155 1417 284 1503 Religio
307 1417 378 1481 fuit.
411 1417 482 1481 Hoc
505 1416 643 1481 tendens
668 1415 709 1481 ad
734 1416 841 1481 sidera
863 1415 988 1503 palmas

155 1523 237 1590 Orat
260 1524 454 1589 Vissocius³
476 1523 639 1610 Corvique
662 1521 805 1589 verenda
829 1532 988 1607 senectus,

155 1629 355 1695 Incumbens
378 1630 480 1695 sacris
504 1629 620 1695 studiis
643 1629 867 1696 Chobeneeius
891 1639 988 1716 optat,

155 1737 287 1822 Ingenti
309 1745 342 1801 et
364 1736 506 1823 flagrans
530 1735 637 1801 studio
661 1735 861 1820 Oobilinusi,
885 1735 928 1800 ad
951 1759 1024 1801 aras

156 1842 200 1907 Et
221 1844 408 1929 quicunque
429 1853 512 1927 tuas,
535 1844 698 1907 Varsovia
722 1841 824 1926 dives,
847 1841 983 1907 odorum

114 2002 121 2014 .
157 1950 225 2014 'l'us
249 1948 392 2031 adolent,
415 1960 447 2014 et
470 1951 505 2013 in
527 1949 578 2015 his
601 1951 717 2015 Petrus
740 1949 1000 2015 Ardziachovius
1024 1949 1119 2036 aequi

157 2057 200 2120 Et
222 2056 300 2121 iusti
323 2055 499 2140 consultus,
523 2078 636 2120 amans
659 2057 804 2144 rectique
827 2056 967 2142 bonique

158 2164 199 2227 Et
223 2174 387 2245 constans3
412 2185 523 2228 omnes
546 2164 649 2249 pietas
673 2163 731 2228 hos
755 2173 858 2228 armat
882 2164 916 2227 in
939 2162 1077 2246 hostem,

156 2269 319 2336 ldasovios
342 2271 399 2357 qui
423 2271 541 2335 animis
566 2271 713 2335 certatim
736 2269 926 2335 ardentibus
948 2269 1093 2356 implent,

155 2376 329 2461 llasovios,
351 2377 428 2441 fidei
451 2379 604 2464 antiquae
626 2377 772 2463 ritusque
794 2387 933 2443 tenaces.

247 2483 392 2570 Impiger
413 2483 468 2550 hic
492 2484 576 2549 ultro
599 2483 749 2549 Andreas
772 2484 979 2549 Noscovius⁵
1001 2482 1097 2547 addet

156 2588 200 2656 Se
223 2590 356 2675 socium,
379 2593 486 2676 gentis
509 2591 647 2678 praesul,
672 2592 698 2655 si
722 2614 787 2677 qua
809 2590 885 2675 ulla,
908 2591 1032 2655 tenacis

155 2697 294 2783 Antiqui
316 2698 408 2782 ritus,
431 2720 496 2762 non
520 2720 553 2762 se
576 2719 770 2783 quocunque
792 2697 935 2780 ferentis,

157 2803 324 2869 Masoviae
347 2826 430 2890 quae
452 2804 550 2869 laude
573 2803 653 2868 alias
678 2814 775 2889 caput
798 2804 918 2868 exserit
940 2826 1052 2867 omncs

154 2911 242 2974 Ante
266 2909 375 2975 urbes:
399 2910 556 2996 divesque
579 2911 659 2975 viris
683 2920 714 2974 et
738 2908 854 2974 fertilis
877 2910 966 2975 arvis

55 3036 120 3081 aro.
156 3015 277 3101 Plocia,
299 3040 398 3104 quam
420 3028 547 3104 praeter
568 3016 663 3103 pleno
687 3015 763 3081 iluit
786 3016 915 3102 agmine
938 3015 1059 3079 flumen

123 3181 257 3188 -.-.—-

160 3282 300 3334 ¹loannes
321 3283 444 3334 iiorczak
467 3282 662 3348 Drohojouski,
688 3283 828 3348 episcopus
853 3281 1023 3338 cuiaviensis,
1048 3281 1198 3334 haereticis

50 3378 101 3424 um
122 3372 277 3423 commodus
296 3380 364 3435 erat,
383 3381 414 3423 ut
433 3372 652 3424 semihaersticus
672 3371 862 3438 appellaretur.
883 3371 942 3421 Obi.
963 3387 987 3421 a.
1008 3368 1086 3422 1557.

155 3458 166 3488 ²
185 3463 332 3528 Episcopus
352 3463 546 3527 posnaniensis,
565 3464 650 3513 irater
668 3476 811 3528 germanus
836 3461 918 3524 Petri,
937 3459 1079 3511 cristallani
1095 3475 1192 3524 posna-

48 3552 159 3604 niensis.
177 3552 230 3603 obi.
250 3567 274 3602 a.
297 3549 374 3604 1562.

157 3640 168 3668 ³
186 3641 308 3705 Ioanne,
328 3643 414 3692 abbas
435 3641 578 3703 leudensis,
598 3641 743 3692 canonicus
768 3639 947 3690 cracoviensis
967 3648 1039 3701 cett,
1065 3639 1118 3704 εἰς.
1139 3643 1191 3688 Au·

47 3733 118 3798 gusti
139 3730 210 3798 rogis
229 3733 398 3782 secretarius.
419 3731 479 3783 Obi.
499 3746 523 3781 a.
545 3729 621 3781 luta
643 3733 759 3796 Legatus
778 3729 812 3780 ad
833 3727 944 3778 Paulum
966 3729 1001 3777 lV
1015 3736 1042 3777 et
1054 3728 1088 3777 ad
1102 3743 1191 3793 regem

46 3820 158 3886 Neapol.
179 3821 280 3870 Bonam
299 3819 479 3885 sepeliendam
499 3821 612 3868 curavit.

156 3907 220 3961 *ui
238 3909 326 3973 fallor,
346 3908 552 3973 christophorus
577 3907 677 3957 Lodaia
702 3905 870 3971 Kobylirislsi,
896 3916 982 3972 poeta,
1008 3906 1052 3971 qui
1077 3905 1104 3954 in
1128 3905 1192 3955 aula

47 3998 156 4050 loannis
176 3999 312 4062 Ternarii,
330 3998 423 4064 magni
443 3997 518 4047 ducis
538 3996 671 4056 Poloniaa
692 3998 860 4047 versabatur,
880 3997 947 4046 Nam
962 3995 1059 4046 clarior
1071 3993 1192 4045 Andreas

47 4087 148 4138 Glaber
167 4086 313 4150 Cobylinus
331 4087 387 4137 ium
409 4103 433 4136 a.
456 4084 524 4137 itta
546 4085 692 4135 decessisse
711 4085 823 4135 uidetur.
861 4085 985 4137 Ceterum
1004 4084 1054 4133 hoc
1073 4090 1197 4146 ternpore

47 4176 137 4242 plures
157 4175 240 4226 etiam
263 4175 342 4226 huius
371 4176 486 4225 nominis
513 4175 585 4225 docti
611 4174 662 4223 viri
688 4174 881 4225 inclaruerunt.
919 4174 995 4222 Cani.
1017 4171 1097 4221 Liber
1113 4170 1188 4237 dilig.

47 4282 89 4332 pg.
108 4263 172 4317 426.

155 4352 353 4418 ‘Noskowski
378 4355 518 4420 episcopus
548 4352 680 4417 plocensis
708 4349 893 4415 isso-1567,
922 4351 1023 4416 pietate
1050 4350 1191 4415 animoque

45 4444 165 4505 benefico
184 4443 281 4495 clarus.
302 4444 475 4507 Iliacusque
501 4443 535 4491 ad
560 4457 584 4492 v.
614 4441 667 4493 328
695 4441 865 4506 proteruntur
890 4440 1000 4489 nomina
1023 4440 1193 4490 sacerdotum

44 4534 128 4584 dioec.
150 4533 291 4598 plocousis.
