3016 5310
426 467 631 503 ffl'fflssasslffl
648 469 800 504 stelenum
817 470 839 503 11
858 470 891 504 ΕΤ
910 469 1039 504 mmm.

185 538 320 559 επ*-
517 538 782 557 .-·=..·-:·::.·:.-:..····-
953 541 1102 558 .-..-..:-.
1111 554 1117 557 .
1131 554 1152 558 .-
1177 542 1206 548 --

491 962 990 1036 EPITHALAMION.

275 1168 335 1234 Ille
358 1191 418 1255 ego
442 1167 612 1233 sollemnes
635 1169 691 1255 qui
715 1191 818 1255 nuper
841 1167 971 1232 dicere¹
994 1192 1128 1255 pompus

275 1275 471 1362 Magnorum
493 1297 607 1362 regum
631 1296 804 1361 aggressus
826 1277 1028 1361 properantis
1053 1275 1092 1339 ab
1117 1277 1201 1340 Istro

275 1382 423 1467 Virginis
446 1392 604 1469 augustae
627 1381 812 1467 adventum,
836 1382 985 1468 regisque
1008 1382 1117 1468 poloni

276 1487 468 1574 Occursum,
491 1488 738 1576 squalentesque
762 1511 840 1552 auro
863 1487 940 1551 hino
964 1487 1040 1552 inde
1064 1497 1211 1552 catervas

222 1616 245 1659 u.
274 1595 431 1681 Aequatis
454 1596 603 1661 recinens
627 1596 739 1681 spatiis
763 1605 794 1659 et
818 1595 962 1659 camnine
985 1594 1067 1659 dixi:

275 1701 372 1765 Nunc
396 1700 558 1766 celebrata
581 1725 663 1766 cano
686 1700 779 1766 laetis
802 1701 976 1790 hymeneia
999 1702 1099 1787 festis,

276 1807 420 1872 Felicem
443 1807 621 1872 adventum
644 1830 880 1894 occursumque
904 1818 1015 1873 secuta
1039 1808 1222 1895 superbum.

365 1913 479 1978 Altera
501 1915 590 1978 iam²
611 1916 706 1979 terris
729 1914 824 1979 iubar
847 1915 970 1979 almum
992 1938 1109 1979 aurore
1131 1915 1268 2000 revexit,

277 2020 409 2085 Elisabe
431 2032 611 2108 postquam,
635 2023 802 2107 egregium
825 2044 937 2107 genus,
961 2020 1027 2084 alta
1049 2045 1192 2108 propago

200 2148 245 2191 ιο.
273 2128 484 2192 Austriacum
507 2150 630 2213 regum,
653 2151 792 2214 magnae
816 2138 1016 2192 successerat
1040 2129 1112 2192 urbi

277 2232 463 2317 Cracoviae,
486 2244 598 2320 pactos
621 2233 699 2297 olim
721 2233 890 2321 expletura
913 2234 1119 2322 hymenaeos.

277 2340 426 2425 Augusto
449 2340 518 2425 regi
542 2340 651 2405 vinclo
674 2341 828 2405 socienda
851 2341 963 2427 iugali,

278 2445 449 2512 Sarmatici
473 2456 504 2511 et
527 2456 690 2533 sceptrum
713 2448 806 2534 regni
829 2449 1055 2534 insignemque
1078 2470 1231 2514 coronam

276 2553 384 2639 Atque
408 2552 517 2618 orbem
541 2563 715 2640 accepturu
737 2556 785 2619 ire
809 2554 851 2619 ad
874 2555 1011 2620 delubra
1033 2555 1169 2642 perabat

202 2679 245 2723 15.
274 2658 374 2723 Aulai
396 2659 431 2722 in
453 2659 569 2745 medio,
593 2659 688 2724 celsis
712 2660 768 2725 ubi
792 2661 919 2748 fulgida
942 2663 1057 2726 tectis³

276 2766 370 2829 Atria
394 2789 428 2830 se
450 2765 567 2830 tollunt
592 2766 689 2850 cael0,
713 2777 745 2832 et
768 2769 872 2854 spatia
896 2768 1003 2854 ampla
1026 2768 1223 2855 relinquunt.

278 2871 504 2938 Sauromatum
527 2874 624 2959 primi
647 2884 844 2960 exspectant,
867 2875 1065 2960 longumque
1089 2885 1247 2939 moratam

276 2977 534 3065 Cunctatamque
557 2979 623 3065 diu,
647 2981 830 3046 venientem
853 2980 965 3046 limine
987 2982 1091 3068 primo

275 3085 453 3172 Accipiunt
476 3085 625 3171 mediam,
650 3086 837 3174 ducuntque
861 3086 903 3151 ad
926 3088 1055 3175 templa,
1079 3098 1204 3153 sacrato

201 3213 243 3256 ao.
274 3189 366 3271 Quae
391 3191 552 3258 Stanislao
576 3192 662 3258 celso
685 3204 798 3258 sancta
822 3218 894 3259 ossa
917 3195 1065 3282 sepulcro

277 3298 438 3384 condunt,
463 3299 591 3364 divinos
615 3301 770 3387 praebent
793 3311 825 3364 ct
848 3302 930 3365 turis
952 3301 1098 3366 honores.

274 3405 421 3491 Regibus
444 3405 499 3471 hic
522 3408 638 3493 priscis
661 3409 772 3493 generi
796 3418 827 3472 et
850 3418 922 3494 post
945 3407 1063 3473 deinde
1087 3419 1198 3473 secuto

276 3511 380 3576 Omen
404 3523 473 3576 erat
497 3515 597 3577 sacris
622 3525 752 3579 aeterna
776 3515 954 3600 astringere
977 3515 1094 3579 vinclis

274 3618 454 3705 Coniugia⁴
455 3671 1055 3686 ............

186 3792 373 3809 &—

276 3902 284 3932 ¹
303 3905 352 3954 Mu
376 3902 514 3961 „ducere“.
533 3905 609 3957 Conf.
629 3903 688 3954 illos
707 3921 808 3969 versus,
828 3905 873 3970 qui
893 3905 973 3971 vulgo
991 3906 1019 3955 in
1039 3906 1123 3956 mstis.
1141 3905 1314 3972 Vergilianae

185 3983 279 4041 Aeneidi
298 3993 531 4058 praescribuntur:
559 3992 607 4043 llle
627 4009 683 4059 ego,
704 3995 766 4058 qui.
780 4035 802 4045 ..

277 4078 355 4131 'Me
376 4087 479 4147 ,cum“.

278 4169 356 4220 'Mu
378 4171 498 4231 „testis“.

275 4258 285 4287 ⁴
306 4260 381 4311 Haec
400 4275 450 4309 vox
469 4259 581 4325 proximi
601 4275 695 4311 versus
714 4262 800 4326 prima
820 4269 937 4326 notatur,
963 4269 993 4312 ut
1012 4261 1119 4313 assolet.
1145 4262 1172 4311 in
1192 4271 1312 4313 extrema

183 4343 269 4405 egino
286 4348 471 4414 manuscripti,
490 4357 518 4399 et
536 4365 697 4414 quamquam
717 4365 808 4400 versus
833 4352 868 4401 ab
888 4350 939 4402 hac
959 4367 1023 4401 voce
1042 4350 1173 4415 incipiens
1192 4351 1314 4415 sequenti

181 4432 270 4518 Arina
291 4436 465 4501 desideratur,
491 4438 609 4489 dubitari
636 4446 725 4490 tamen
752 4440 853 4504 nequit,
876 4440 942 4505 quin
968 4440 1186 4491 transscribentiu
1210 4439 1318 4491 incuria

179 4520 343 4578 mterciclsrit
