3016 5310
445 691 525 753 Fata
549 689 794 776 Sigismnndum
818 713 937 776 regem,
961 691 1106 757 crudelia
1131 692 1206 777 fata

445 795 597 861 Invidere
621 797 690 861 orbi
714 807 745 861 et
769 797 932 861 sublatum
957 809 1057 862 morte
1080 797 1192 884 tulere,

386 927 410 967 a.
443 904 562 967 Vivere
586 903 722 989 dignum
747 903 822 967 olim
837 909 855 985 ¹,
879 905 972 968 terris
996 906 1023 967 si
1048 904 1115 969 fata
1138 905 1313 971 dedissent.

446 1011 533 1095 Rege
557 1009 669 1074 orbata
693 1034 750 1074 suo
774 1012 951 1076 miscentur
975 1013 1101 1076 moenia
1124 1011 1277 1099 Graeehi,

446 1116 487 1179 Et
510 1117 666 1201 gravidus
690 1117 833 1181 laorirnis
857 1119 971 1203 ingens
995 1118 1069 1182 ferit
1092 1119 1223 1184 aethera
1245 1120 1403 1206 planetus.

533 1223 621 1309 Rege
645 1223 756 1288 orbata
781 1247 838 1287 sno
862 1224 988 1288 eaelum
1013 1226 1103 1289 Bona
1127 1226 1295 1312 questibus
1318 1227 1424 1314 implet

445 1330 583 1414 Coniux,
607 1330 678 1415 lieu,
703 1331 767 1394 iam
791 1354 854 1394 non
879 1333 1012 1411 eoniux3
1037 1332 1172 1418 spoliata
1195 1335 1321 1417 marite,

366 1460 410 1500 ιο.
442 1437 481 1501 In
507 1437 614 1500 viduis
638 1437 795 1524 plangens
820 1440 936 1521 stratis,
961 1450 1048 1503 senat
1072 1439 1237 1525 unguibus
1260 1464 1326 1526 ora,

445 1544 512 1608 Ora
534 1568 697 1631 genasque
721 1545 833 1608 ambas
856 1556 887 1609 et
912 1548 1031 1632 rumpit
1055 1557 1184 1632 pectora.
1207 1549 1328 1634 pugnis

447 1652 656 1738 Dilaniatque
679 1675 813 1730 (totnani,
839 1653 992 1715 ineusans
1015 1651 1225 1740 hominesque
1248 1654 1411 1744 Deosque:

446 1760 487 1822 llt
511 1782 593 1844 quae
618 1766 706 1821 non?
728 1759 861 1824 Caelum
887 1761 1102 1846 nequicquam
1127 1772 1260 1825 :recusat
1284 1772 1315 1826 et
1340 1773 1427 1826 astra.

446 1867 651 1950 Ingeminant
676 1878 770 1930 natae
793 1866 951 1952 planetus,
976 1868 1143 1930 carissima
1167 1870 1280 1932 aratris

367 1995 410 2036 ia.
441 1973 582 2056 Pignora
606 1972 805 2058 deliciaeque
828 1974 938 2059 patris,
966 1973 1043 2036 dnm
1068 1975 1135 2037 vita
1159 1975 1320 2040 manebat.

444 2079 609 2142 Amissum
635 2088 756 2164 patrem
781 2080 843 2142 tria
866 2080 1002 2164 virginis
1026 2103 1083 2143 ora
1105 2081 1246 2146 Dianae:

445 2186 532 2249 Hine
553 2185 682 2271 Sophia,
706 2185 781 2249 inde
798 2209 934 2273 sequens
951 2210 1039 2269 aevo,
1063 2186 1150 2250 haud
1167 2188 1353 2273 virtutibus,
1372 2189 1462 2266 Anna

445 2293 586 2356 Ultimus
611 2303 640 2357 et
664 2304 776 2378 partus
800 2317 945 2378 magnae,
968 2294 1152 2378 Cathnrina,
1176 2297 1329 2382 parentis,
1348 2335 1388 2342 -

444 2401 522 2463 Tres
548 2413 641 2463 natae
665 2400 776 2485 lugent
799 2400 1013 2487 lamentisque
1037 2402 1119 2464 atria
1142 2402 1314 2489 complent.

363 2536 376 2571 ¹.
404 2559 410 2570 .
443 2506 509 2570 Ora
533 2507 663 2570 madent
687 2506 903 2595 lacrimaeque
926 2509 1018 2594 genis
1043 2507 1220 2572 volvuntur
1242 2508 1381 2594 obortae,

445 2615 656 2700 Luminaque,
680 2616 777 2677 iratas
802 2628 947 2701 poterant
970 2639 1052 2702 quae
1076 2616 1204 2681 lleetere
1227 2616 1335 2681 Divos

444 2722 599 2807 Quaeque
624 2720 710 2784 velut
735 2721 845 2785 stellae
869 2721 959 2785 vultu
984 2723 1144 2787 emieuere
1169 2745 1291 2808 serene,

443 2828 574 2891 Ploratu
599 2828 699 2891 multo
723 2840 753 2892 et
778 2828 985 2892 laen'marnm
1008 2829 1140 2895 flumine
1163 2842 1304 2917 turgent.

534 2935 634 2998 Fama
659 2935 735 2998 mali
760 2937 840 2999 tanti
864 2936 1019 3022 paulatim
1040 2938 1064 3000 it
1088 2960 1199 3024 sparse
1222 2961 1280 3024 per
1303 2938 1396 3003 urbes

442 3043 637 3108 Sarmaticos
661 3053 691 3107 et
716 3066 819 3127 agros,
843 3055 874 3107 et
897 3043 1040 3107 luotibus
1063 3045 1171 3109 omma
1194 3046 1318 3110 miscet.

443 3151 590 3236 Purpura
616 3148 745 3234 lugubri
770 3151 891 3237 passim
915 3161 1058 3215 mutatur
1081 3153 1211 3237 auriota,

443 3259 549 3343 Atque
573 3257 645 3342 piee
668 3258 824 3321 int'eetum
848 3259 933 3346 tyrio
957 3281 1014 3345 pre
1038 3260 1161 3326 murice
1183 3259 1289 3325 vellus

444 3363 605 3448 Sueeedit
629 3363 785 3450 lanaeque
810 3364 907 3445 rudes
931 3376 1026 3452 atque
1050 3389 1163 3453 aspera
1186 3366 1263 3452 lina,

445 3478 536 3550 (triae
560 3471 665 3535 nullis
689 3472 779 3556 soles,
804 3496 885 3558 quae
910 3473 999 3537 nulla
1021 3474 1157 3538 hausere
1180 3473 1310 3539 fluenta.

362 3625 366 3637 .
404 3630 410 3642 .
442 3577 579 3642 Gemma.
602 3578 723 3664 proeul,
747 3579 858 3665 procul
876 3582 979 3644 omnis
996 3604 1085 3669 onyx
1100 3580 1286 3667 viridesque
1303 3575 1458 3665 smaragdis

443 3686 670 3773 Inliaetusque
694 3686 826 3750 adamas
850 3698 880 3752 et
905 3687 1019 3752 tedere
1042 3688 1166 3752 viribus
1191 3688 1267 3753 ullis

443 3794 589 3878 Nescius,
613 3795 880 3881 ingeminansque
905 3796 996 3880 ignes
1020 3818 1079 3860 eeu
1103 3795 1234 3859 flamma
1256 3818 1407 3886 pyropus,

442 3901 483 3964 Et
508 3901 597 3964 fulvo
621 3901 781 3987 quondam
807 3902 963 3989 quiequid
988 3901 1193 3966 eoneluditur
1216 3925 1305 3967 aure.

441 4010 512 4071 Nan
538 4009 656 4092 digitos
680 4009 787 4074 vinelo
812 4010 941 4093 fulgens
964 4012 1080 4096 premit
1104 4010 1221 4075 anulus
1245 4022 1325 4097 artq
1499 3928 1502 4127 Ι

360 4139 407 4179 ae.
437 4115 510 4178 Non
535 4116 617 4179 eollo
641 4127 769 4202 torques
793 4117 943 4203 pendent,
967 4128 1115 4183 textaeve
1139 4118 1278 4183 eorollue
1500 4130 1502 4157 ¹

439 4222 613 4287 Flaventes
638 4224 797 4289 strinxere
821 4248 939 4307 eomas,
963 4248 1027 4288 nan
1053 4227 1172 4290 vertite
1196 4227 1316 4292 cristae
1500 4222 1502 4265 ¹

442 4331 616 4395 Exsultant
640 4334 776 4420 eenique
799 4335 888 4417 vagi3
913 4355 976 4396 non
1001 4333 1068 4396 ulla
1091 4334 1242 4399 inventae
1499 4272 1502 4455 ⁴

1500 4458 1502 4491 l

444 4477 513 4529 ¹b'ie
533 4480 731 4545 interpnngitur
750 4477 799 4527 lroe
818 4479 924 4544 quidem
951 4480 1008 4530 loeo
1034 4482 1059 4530 in
1086 4482 1145 4548 ipsa
1170 4481 1296 4534 editione.
1327 4475 1416 4533 olimi
1438 4484 1458 4519 θ·

334 4584 386 4616 non
406 4568 485 4618 semel
508 4576 619 4619 tuntum.
