3016 5310
659 442 825 480 summus
1259 428 1309 497 lb,

264 639 402 704 Centum
425 640 459 703 in
484 639 588 702 frusta
610 660 722 702 amens
745 638 834 703 secui
858 660 1072 724 sparsumque
1093 660 1152 725 per
1174 660 1271 703 auras

263 744 459 810 Vulturibus
483 744 684 830 canibusque
708 744 784 809 dedi
808 744 949 809 erudelis
972 745 1007 809 in
1030 747 1152 810 escam!

265 851 355 931 Quis¹
370 851 452 916 deus
474 851 540 916 huc
564 851 666 936 adigit
690 851 891 915 daemonve?
916 853 988 934 quis
1012 851 1146 916 abstulit
1168 873 1265 937 aegro

264 958 406 1022 Mentem
429 958 638 1044 animumque
662 956 763 1021 mihi?
787 959 865 1044 quin
889 959 1035 1044 protinus
1058 959 1123 1022 ima
1147 956 1289 1022 dehiscis

171 1076 232 1127 ass.
259 1064 358 1128 Terra
381 1065 557 1150 nigrosque
580 1065 685 1150 aperis
709 1087 820 1129 manes
843 1064 1092 1151 Acherontaque
1115 1063 1232 1148 dirum,

262 1171 349 1234 Ditis
372 1192 473 1256 regna
496 1172 605 1257 patris,
629 1170 730 1242 multo
754 1170 825 1234 loca
848 1170 972 1235 sulfure
994 1172 1060 1235 feta

263 1277 304 1340 Et
326 1278 448 1362 poenis,
472 1299 553 1363 quas
575 1278 759 1362 promerui?
784 1277 863 1360 quin
886 1288 972 1342 terra
995 1276 1137 1342 dehiseis

266 1383 307 1446 Et
330 1406 382 1448 me
405 1385 577 1469 tergemini
601 1384 764 1448 viventem
784 1385 885 1448 mittis
908 1385 943 1448 in
966 1407 1022 1448 ora

266 1488 452 1554 Insaturata
475 1491 575 1574 canis,
599 1489 809 1554 mactandum
831 1490 967 1554 rictibus
990 1490 1076 1554 illis?

167 1608 231 1659 ⁷0.
261 1597 327 1659 Aut
351 1606 386 1659 tu
410 1606 534 1660 sontem
558 1598 701 1660 animam
724 1596 818 1681 hanc,
842 1597 931 1661 caelo
954 1596 1143 1683 indignatus
1167 1596 1207 1661 ab
1225 1596 1299 1682 alte,

264 1702 379 1767 Funde
401 1712 494 1790 pater
516 1703 632 1767 dextra
655 1715 687 1767 et
711 1726 807 1767 saevo
830 1726 881 1767 me
904 1703 1041 1768 fulmine
1063 1703 1159 1768 tolle“
1173 1709 1192 1768 ¹.

354 1809 448 1873 Talia
470 1810 613 1874 iactabat
636 1821 837 1893 mortemque
860 1811 1059 1874 miserrimus
1083 1809 1168 1874 ultro

264 1915 422 1981 Poscebat
444 1915 653 2002 lacrimisque
676 1938 777 2001 genas
800 1916 952 1981 foedabat
975 1927 1006 1981 et
1030 1940 1095 2002 ora,

266 2022 326 2089 Ilia
350 2024 539 2089 concutiens
563 2024 686 2109 gemitu
710 2033 741 2087 et
765 2022 961 2109 singultibus
985 2047 1091 2109 aegra.

163 2138 232 2192 ²5.
260 2129 334 2194 Non
357 2129 470 2217 epulas
494 2152 609 2216 capere
634 2141 690 2193 aut
713 2131 895 2216 speciosum
917 2130 1048 2195 haurire
1072 2130 1249 2196 Falernum

265 2235 452 2300 Deliciaeve
476 2237 589 2300 iuvant
613 2235 706 2320 ullae,
731 2247 886 2300 cantusvc
909 2236 1050 2325 lyraeve.

266 2342 401 2426 Absque
425 2342 498 2407 cibo
522 2342 622 2407 solem
644 2353 676 2408 et
701 2342 810 2407 stellas
833 2343 921 2407 videt
945 2343 1066 2429 absque
1091 2366 1211 2430 sopore.

265 2448 441 2534 Exagitata
464 2448 550 2514 malo
574 2472 666 2513 mens
690 2473 754 2513 non
778 2451 865 2536 capit
889 2472 986 2535 aegra
1010 2451 1161 2534 quietem,

266 2554 411 2619 Humida
433 2578 494 2620 nec
516 2555 653 2641 gravido
677 2579 744 2620 nox
765 2566 897 2642 prensat
921 2556 1045 2620 lumina
1068 2579 1189 2625 somna.

163 2672 232 2724 ³80.
349 2662 431 2726 Visa
454 2663 600 2726 animum
623 2663 746 2727 interea
769 2662 895 2746 ludunt,
918 2674 949 2727 et
973 2685 1105 2750 corpore
1129 2685 1242 2728 cassae

266 2771 352 2833 Ante
375 2768 485 2833 oeulos
508 2769 616 2833 media
639 2769 810 2833 volitantes
834 2780 928 2834 nocte
951 2769 1083 2855 figurae.

267 2875 352 2939 Heu!
378 2876 435 2959 qui
459 2898 523 2939 non
548 2877 642 2960 acies,
668 2877 723 2959 qui
749 2899 812 2939 non
836 2876 931 2940 modo
954 2875 1018 2940 tela
1041 2875 1184 2960 timebat,

262 2981 336 3045 Non
359 2981 543 3046 truculenta
567 2982 689 3047 ducum
713 2982 885 3046 mediisin
909 2982 1040 3046 milibus
1064 3006 1129 3067 ora,

266 3087 364 3153 Hunc
388 3110 491 3152 vanae
516 3090 639 3174 species
664 3099 760 3177 atque
784 3089 874 3152 irrita
897 3100 994 3153 terret
1018 3092 1134 3175 imago.

176 3205 233 3257 oss.
349 3194 438 3259 Hinc
460 3197 570 3279 tristis,
595 3218 709 3261 saevas
734 3197 861 3282 agitans
884 3197 918 3260 in
942 3208 1070 3283 pectore
1094 3218 1198 3280 curas,

266 3300 400 3366 Consilii
423 3302 558 3387 ignarus
582 3302 732 3387 melioris,
757 3326 814 3366 seu
838 3303 918 3367 deus
942 3302 1026 3366 ultor

265 3406 330 3472 Seu
353 3429 452 3472 caeca
475 3408 646 3495 impulerat
670 3410 812 3493 vesania,
836 3411 952 3473 mentis
975 3411 1067 3495 inops
1091 3432 1152 3473 rex

265 3513 304 3577 In
328 3513 428 3577 silvas
451 3514 570 3579 abiisse
593 3539 698 3602 vagus
721 3515 878 3599 lucosque
901 3517 1078 3602 profundos

265 3620 391 3705 Fertur,
414 3633 445 3685 et
469 3645 488 3684 a
511 3622 648 3686 canibus
672 3624 811 3708 vestigia
835 3635 910 3686 nota
933 3625 1060 3707 secutis,

177 3739 232 3789 890.
262 3728 343 3806 Quis
368 3728 491 3792 rabiem
515 3729 595 3792 dous
618 3741 649 3793 et
674 3753 787 3793 saevas
813 3731 988 3794 immiserat
1013 3732 1086 3814 iras,

265 3835 431 3899 interiisse
456 3837 531 3919 suis,
556 3837 662 3900 factus
687 3838 784 3901 miser
807 3859 882 3901 esca
906 3838 1061 3901 serarum:

264 3942 371 4006 Dente
395 3944 480 4007 truci
503 3942 652 4028 laniatus,
675 3943 765 4007 luuni
790 3945 878 4007 serus
902 3942 1054 4008 occubuit
1077 3967 1144 4008 rex.

354 4049 406 4112 En
430 4073 587 4114 memores
610 4052 774 4136 iustosque
799 4051 888 4115 deos!
912 4074 995 4136 quae
1019 4051 1133 4115 funera
1157 4051 1278 4114 sanctis

266 4154 417 4218 Manibus
441 4157 625 4243 insontique
649 4159 776 4220 animae
801 4159 889 4221 ferus
913 4157 967 4221 ille
990 4166 1129 4243 pararat,

179 4266 234 4319 ³⁹5.
264 4259 353 4324 Haec
377 4261 490 4326 cadem
514 4265 636 4349 patitur
659 4286 855 4350 sparsusque
878 4264 1037 4328 cadavere
1062 4273 1126 4327 toto

178 4398 235 4415 *x

265 4489 274 4518 ¹
293 4494 372 4558 Verg.
392 4495 456 4544 Aen.
477 4491 595 4558 1X‚l95
614 4510 670 4559 sqq.
