3016 5310
437 645 534 709 Haud
559 647 638 709 satis
661 646 797 732 imperia
820 645 961 731 Augusti
985 644 1169 709 moderata¹
1193 641 1337 707 ferentis.

355 775 402 817 45.
434 753 579 817 Divitiae
602 752 743 817 reddunt
766 751 908 816 tumidos
931 751 1119 837 adduntque
1142 749 1291 837 superbis

436 859 672 946 Indomitisquc
695 859 819 923 animos
844 867 1038 944 vertuntque
1060 880 1080 921 a
1102 855 1237 923 cardine
1260 878 1385 921 sensus.

436 966 588 1032 Imbuere
611 989 695 1030 anne
718 967 835 1030 iterum
858 966 996 1031 mariani
1019 964 1152 1028 militis²
1175 986 1269 1028 enses

439 1074 628 1138 Festinant?
652 1096 787 1138 saevum
811 1073 1013 1137 dominatum
1036 1071 1182 1157 duraque
1205 1080 1333 1156 sceptra

439 1181 573 1245 Sortiri?
603 1180 699 1260 Quod
722 1203 764 1244 ne
786 1181 916 1263 ferrent,
939 1179 1118 1246 Casimirus
1142 1177 1267 1243 adivit⁸

354 1310 404 1350 no.
437 1288 552 1351 Martis
575 1288 750 1352 discrimen
774 1286 927 1373 longique
950 1285 1095 1372 pericula
1118 1284 1203 1350 belli.

439 1393 647 1480 Supplieibus
671 1406 798 1458 tantum
821 1405 852 1458 ot
876 1417 940 1458 non
964 1393 1064 1479 digna
1087 1391 1267 1458 ferentibus
1290 1391 1379 1461 olim.

437 1502 519 1564 Tum
545 1501 676 1565 tandem
701 1501 741 1564 ad
765 1501 892 1587 priseae
916 1500 1070 1564 ditionis⁴
1092 1501 1165 1564 iura
1187 1500 1337 1582 reversis,

439 1607 607 1671 lmlultum
623 1611 699 1673 calb.
724 1608 829 1687 Quom
846 1631 910 1671 non
928 1607 1081 1672 lacrimae
1100 1617 1132 1671 et
1148 1605 1290 1670 lamenta
1306 1613 1473 1670 moverent

439 1714 581 1779 Servitia
604 1717 748 1802 oppressi
773 1715 883 1802 populi
907 1725 938 1779 ct
961 1714 1112 1801 pallentis
1135 1713 1265 1798 imago?

398 1872 403 1883 .
437 1822 540 1907 Seque
564 1844 703 1908 suosque
726 1823 803 1907 iugo
826 1824 882 1908 qui
906 1843 1044 1886 excusso
1067 1822 1151 1885 ferre
1173 1819 1363 1905 negabant

439 1928 536 1992 Posse
559 1952 661 2013 grave
684 1930 856 2014 imperium
880 1940 911 1993 et
935 1928 1025 1993 duris
1049 1949 1161 2014 parere
1184 1926 1305 2012 lupatis

437 2036 542 2098 Invisi
565 2037 659 2101 terris
683 2036 889 2123 Solymorum
912 2035 1046 2100 militis?
1070 2034 1168 2120 Agris

437 2141 502 2219 Qui
526 2141 671 2229 hispanis
695 2142 758 2207 late
783 2143 896 2228 pulsus
919 2141 1096 2228 pulsusque
1119 2140 1290 2224 britannis,

438 2248 584 2312 Perfidus
609 2250 650 2312 ad
675 2262 796 2336 septem
820 2272 890 2314 sese
912 2249 986 2314 tulit
1010 2271 1089 2314 arva
1111 2249 1235 2332 trionis,

363 2381 403 2418 ε».
436 2354 555 2419 Omnia
578 2358 798 2442 permixtarus
823 2366 854 2421 et
878 2358 943 2420 otia
965 2356 1051 2421 laeta
1074 2376 1283 2441 peromnem

438 2462 632 2527 Sarmatiam
656 2462 740 2528 bello
763 2462 827 2527 late
851 2473 1005 2550 rupturus
1028 2473 1059 2528 et
1082 2462 1190 2545 armis,

437 2569 597 2633 Pulchrae
621 2592 693 2633 (asor
716 2571 806 2655 praeis
831 2569 1096 2655 perturbatorque
1118 2568 1245 2656 quietis.

526 2675 666 2741 Servitia
690 2678 784 2741 cuius
807 2700 871 2762 quo
895 2678 997 2741 exiret
1020 2677 1162 2760 Prussia
1186 2674 1271 2739 bello

437 2782 603 2869 implicuit
627 2806 697 2847 sese
719 2784 816 2867 longo
839 2784 1018 2850 Oasimirus
1041 2793 1072 2848 et
1096 2805 1187 2848 acres

352 2914 401 2955 oo.
433 2890 548 2953 Desita
571 2891 635 2953 iam
660 2890 782 2954 dudum
808 2892 974 2956 revocavit
997 2890 1039 2955 ad
1062 2912 1154 2955 arma
1176 2888 1325 2974 Polonos,

437 2997 602 3081 Sanguine
626 2997 682 3083 qui
705 3020 821 3084 pacem
844 2997 938 3062 vobis
961 3019 1113 3084 peperere
1136 2996 1279 3082 profuso.

437 3103 584 3181 Quorum
607 3126 667 3190 ope
689 3114 782 3190 parta
806 3106 906 3190 quies,
931 3104 1062 3169 libertas
1085 3103 1221 3187 reddita,
1244 3102 1330 3168 latae

437 3210 563 3274 Ediotis
587 3211 724 3296 placidis
749 3210 903 3298 nullaque
926 3210 1102 3300 tyrannide
1124 3209 1222 3296 leges.

437 3317 595 3402 Tempore
618 3342 700 3403 quae
724 3341 766 3382 ex
789 3317 845 3382 illo
868 3340 1021 3405 praeseus
1044 3318 1225 3382 retinentur
1248 3316 1284 3381 in
1307 3337 1420 3380 aevum

354 3447 400 3488 ro.
433 3424 589 3489 Immotae
613 3425 715 3489 multa
739 3447 815 3489 cum
839 3424 995 3509 libertate,
1018 3424 1167 3511 querelae

438 3707 445 3736 ¹
466 3708 558 3772 iunge:
580 3709 724 3771 „fcrentis“
746 3724 806 3758 cuni
828 3707 916 3771 „haud
935 3708 1000 3757 satis
1020 3707 1174 3757 moderata“
1195 3707 1253 3758 soil.
1276 3723 1373 3774 „aegre
1387 3710 1459 3757 seren·

328 3797 364 3846 tis
384 3797 440 3847 mit.
460 3798 580 3862 imperia,
599 3799 674 3862 quam
694 3797 895 3847 immoderata&

437 3885 446 3913 '²
469 3887 622 3947 „Marianus
640 3887 733 3935 milcs“
755 3895 795 3936 est
809 3887 885 3936 miles
905 3887 1115 3951 crucigerorum3
1138 3886 1273 3949 „imbuere
1288 3896 1382 3937 enses·
1402 3883 1460 3933 idem

330 3975 401 4023 valet
422 3982 501 4038 atque
521 3976 635 4039 experiri
654 3991 740 4025 enses.

437 4061 446 4089 ⁸
466 4080 498 4111 ox
523 4064 676 4127 posterioris
702 4064 763 4113 aevi
789 4065 979 4114 cousuetudine
1005 4081 1052 4129 pro
1076 4064 1184 4127 „adata
1214 4065 1312 4130 Agitur
1337 4064 1370 4114 de
1395 4060 1461 4113 bollo,

329 4168 345 4200 a
365 4152 493 4200 (urimini
513 4153 551 4200 IV
570 4169 610 4202 aa.
633 4151 889 4205 1-l53-1toocum
909 4153 1100 4204 cruciferorum
1120 4152 1210 4203 ordine
1227 4159 1312 4218 gesto.

437 4239 447 4268 ⁴
467 4241 523 4290 scil.
544 4241 663 4305 polonuo.

440 4327 450 4356 ‘¹’
470 4330 560 4393 iunge:
582 4338 684 4378 tantum
705 4331 836 4380 indultum
857 4339 904 4380 est.

441 4418 451 4443 '⁵
471 4419 640 4482 „negabitne
662 4419 695 4468 ad
715 4435 823 4470 sensum
841 4436 888 4484 pro
910 4421 1059 4486 „negabor
1084 4419 1141 4471 scil.
1162 4418 1284 4484 populus,
1309 4420 1353 4484 qui
1374 4431 1460 4468 nuncu

333 4516 412 4571 patur
432 4524 455 4556 v.
476 4506 518 4558 od.
