3016 5310
612 440 824 475 cnitrnaricuort.

160 509 451 528 aa..

255 631 338 697 Tota
359 630 439 697 latet
460 631 562 698 laetos
585 633 676 697 novit
698 655 759 698 nee
782 633 868 698 veris
890 632 1037 720 honores,
1060 672 1104 683 —-

255 738 301 803 At
323 760 482 825 quaerens
505 739 580 826 pius
603 740 746 826 antistes,
769 762 852 826 quae
874 740 978 827 gloria
1001 740 1122 807 Christi
1144 752 1202 828 est,

180 867 223 909 ιε.
254 843 394 911 Omnem
417 845 474 932 qni
497 845 571 911 fuso
595 847 737 911 servavit
760 848 918 933 sanguine
941 847 1109 934 mrmdum,

256 951 299 1016 Et
321 951 468 1039 pendens
491 974 588 1018 eruoe
610 962 787 1019 tartareum
809 953 989 1019 tremefecit
1013 976 1169 1020 avernum

255 1058 455 1143 Devieitque
477 1082 587 1144 manu,
611 1068 860 1146 senatorumque
882 1060 992 1125 intulit
1015 1063 1111 1125 astris

256 1164 393 1229 Petrum
415 1166 541 1230 animas
564 1165 654 1231 dedit
677 1176 708 1230 et
732 1165 824 1232 sedes
846 1166 993 1233 habitare
1016 1191 1181 1255 perennes.

257 1271 368 1336 Huius
390 1282 436 1359 tu,
461 1274 550 1338 senio
573 1273 692 1359 gravis,
715 1283 748 1337 at
771 1273 947 1338 virtutibus
971 1273 1058 1338 idem

179 1400 224 1442 ao.
256 1378 299 1443 Et
321 1379 441 1466 pietate
464 1380 588 1466 ingens,
610 1379 725 1465 bonus,
747 1389 796 1445 est
820 1402 902 1465 quae
924 1381 1037 1467 gloria,
1060 1383 1219 1468 quaeris1,

257 1485 312 1570 Ut,
336 1494 431 1551 vetus
454 1497 502 1551 est
525 1485 601 1550 olim
625 1495 671 1550 tot
694 1487 749 1573 qui
772 1486 957 1552 labentibus
981 1487 1076 1552 annis

259 1590 415 1659 Servatus
437 1592 550 1680 templi
573 1593 654 1657 ritus
677 1593 797 1680 quique
819 1592 944 1657 inditus
966 1594 1032 1657 aris

259 1698 331 1762 Mos
354 1699 451 1785 stetit,
473 1698 528 1764 hie
551 1709 680 1764 maneat
703 1709 832 1785 totoque
852 1700 977 1765 colatur
998 1700 1033 1763 in
1058 1700 1135 1766 orbe

260 1803 450 1891 Sarmatico,
472 1806 667 1893 pulsumque
688 1806 802 1892 proeul
825 1829 903 1871 mox
925 1806 1002 1872 fana
1024 1807 1206 1895 profanum,

181 1933 227 1975 ao.
258 1911 363 1976 Invisi
385 1912 481 1977 Latio
503 1913 637 1977 Martini
660 1911 779 1998 dogma
802 1913 915 1978 Luteri

260 2018 400 2084 Desinat
423 2019 578 2085 infestare
601 2020 785 2106 ignotisque
808 2020 934 2085 exsulet
957 2022 1031 2105 oris,
1054 2060 1098 2068 —

261 2125 418 2191 Extremo
440 2126 517 2191 lieet
540 2127 619 2191 orbe
642 2127 704 2192 ooli
728 2149 788 2191 neo
811 2126 890 2190 talia
913 2126 963 2191 fas
988 2128 1037 2191 sit.

350 2232 522 2298 Adventus
545 2233 626 2299 haee
650 2256 750 2298 eausa
773 2234 822 2296 tui
845 2243 905 2315 est3
928 2243 960 2298 te
983 2233 1125 2297 Paulus²
1148 2234 1296 2319 eundem,

261 2339 391 2426 Magnis
415 2351 580 2405 assuetum
604 2340 710 2425 rebus,
734 2341 791 2424 qui
814 2340 936 2405 vertice
960 2339 1053 2405 sedes

184 2467 227 2510 ao.
259 2446 385 2511 Divum
407 2446 633 2534 labentemque
656 2447 800 2513 humeris
824 2447 913 2511 velut
936 2447 1017 2511 alter
1040 2446 1219 2536 Olympum

263 2552 431 2620 Sustentes
453 2553 556 2638 Atlas,
579 2554 645 2619 hue
669 2576 762 2619 saera
784 2554 872 2618 misit
895 2554 936 2618 ab
962 2553 1049 2637 urbe,
1072 2592 1116 2600 -

263 2659 395 2744 Paulus,
419 2661 474 2746 qui
497 2659 618 2727 Christi
641 2661 714 2725 vioe
737 2661 831 2725 terris
856 2683 940 2723 unus
963 2670 994 2724 et
1017 2658 1147 2724 aethrae

263 2766 432 2852 Imperitat
455 2768 596 2854 fungens
620 2777 814 2853 aeternaque
837 2766 970 2831 vinnula
993 2767 1094 2831 naotit

264 2872 480 2957 Exsolvitque
502 2874 625 2959 volone,
648 2897 831 2961 poenasque
855 2872 1045 2938 nocentibus
1069 2874 1169 2958 addit,

187 3000 231 3043 as.
263 2979 352 3044 Iram
374 2982 557 3067 promeritis
580 2982 742 3045 Divornm
766 2992 797 3044 et
820 2979 954 3067 grandis
978 2979 1111 3068 Olympi

266 3085 317 3153 Ob
340 3110 461 3152 noxam
483 3099 515 3153 at
537 3089 624 3152 vitae
647 3110 704 3174 per
726 3110 881 3174 magnum
905 3086 1047 3151 dedeeus
1070 3092 1193 3170 aotae⁸‚

264 3195 377 3281 Digna
399 3195 463 3280 piis
488 3194 612 3259 addens
636 3194 722 3259 idem
746 3218 805 3258 sna
827 3194 980 3280 praemia,
1003 3215 1196 3279 nunquam·

265 3301 451 3366 Interitura.
482 3301 542 3365 Ille
565 3301 624 3365 has
648 3312 760 3387 gentes
783 3312 815 3365 te
838 3301 932 3364 iussit
955 3299 1054 3383 adire⁷
1149 3342 1152 3354 ι

267 3408 419 3473 Errorem
442 3431 484 3472 ne
507 3409 707 3493 saxonicum,
731 3431 827 3495 quem
852 3429 978 3493 serpere
1001 3406 1066 3470 late

188 3536 232 3577 ro.
263 3513 379 3578 Audiit
402 3516 500 3601 inque
524 3515 611 3579 diem
634 3517 771 3579 maiores
796 3536 924 3578 sumere
947 3513 1042 3596 viras,

266 3620 413 3708 Longius
436 3621 484 3686 ire
508 3623 600 3686 sinat.
631 3622 739 3687 Macte
762 3646 780 3686 o
803 3623 931 3708 piet-ate,
953 3620 1018 3684 Dei
1040 3620 1101 3703 vir,

268 3728 330 3792 His
354 3750 488 3794 occurre
511 3728 605 3792 malis
629 3739 724 3815 atque
748 3728 898 3792 omnibus
922 3728 1014 3813 exige
1037 3725 1166 3811 templis

269 3833 449 3901 Sarmatiae
471 3834 557 3900 hane
579 3845 711 3921 pestem,
742 3835 906 3901 terdenis
930 3856 1013 3920 quae
1039 3831 1179 3918 amplius
1209 3833 1303 3896 annis

269 3940 379 4008 Saevit
401 3964 522 4029 perque
546 3964 656 4006 omnes
679 3953 846 4026 grassatur
869 3943 967 4006 noxia
991 3939 1101 4005 oaulas

190 4071 235 4114 aa.
267 4047 375 4114 Eleeti
396 4050 505 4135 gregis
528 4059 560 4113 et
583 4049 702 4115 Christi
725 4049 900 4136 populatur
922 4048 1014 4133 ovile,

168 4223 371 4238 *—

274 4313 281 4344 ¹
300 4316 397 4383 lungo:
420 4323 449 4366 tu
468 4316 574 4383 quaeris
594 4313 736 4382 (gloriam),
756 4331 824 4380 quae
845 4320 886 4365 est
904 4313 983 4363 huius
1002 4313 1123 4379 (Christi)
1136 4312 1229 4379 gloria,
1248 4319 1304 4362 ut...

271 4401 283 4433 ²
300 4404 402 4456 Paulus
414 4407 460 4469 IV,
480 4422 494 4456 e
513 4411 592 4471 genta
603 4405 710 4455 Caraffa
718 4404 837 4469 praefuit
846 4403 976 4454 ecclesiae
986 4418 1050 4452 rom.
1062 4418 1102 4452 aa.
1118 4399 1303 4454 1555-1559.

271 4491 354 4546 'Sia
372 4493 402 4544 in
419 4494 496 4545 libro.
515 4494 633 4544 Mallem:
656 4493 755 4553 „vitam
775 4509 799 4557 p.
819 4509 854 4542 m.
873 4493 898 4543 d.
919 4494 1034 4543 aetam“.

271 4590 384 4632 carmine
399 4590 425 4629 r.
441 4590 456 4628 ι.
1167 4578 1197 4631 11
