3016 5310
575 472 731 506 enarrarre.
1133 462 1225 511 xxlx

73 663 144 724 suis
171 672 331 748 putarent,
355 663 514 728 nobilium
537 664 660 729 iudicia
684 666 716 728 in
742 667 832 730 curia
857 667 1116 752 praesidentibus
1149 692 1226 734 can-

74 767 220 832 cellariis
243 771 352 832 rarius
376 771 621 853 exercebantur,
639 771 836 836 urbanorum
854 795 932 837 vero
948 783 1013 837 tam
1032 774 1226 861 frequenter,

73 889 110 939 ut
133 875 177 938 ad
200 887 384 940 extremum
408 878 498 941 circa
521 901 548 941 a.
575 879 660 943 1565
677 902 715 942 ca
732 879 853 943 iudicia
869 879 1139 945 cancellariorum
1164 905 1221 967 ap·

72 980 190 1067 pellari
216 1005 286 1046 mos
310 982 485 1048 invaluerit
515 985 570 1061 (II,
602 986 656 1063 95)
683 992 700 1061 l.
741 986 892 1051 Ceterum
922 987 1043 1050 iudicia
1074 989 1224 1052 incuria

75 1089 277 1153 urbanorum
302 1092 449 1154 seiuncta
474 1114 493 1154 a
518 1091 649 1154 iudiciis
674 1092 852 1156 nobilitatis
884 1095 947 1156 iani
974 1095 1183 1177 Sigisniundo
1207 1095 1224 1160 I

74 1212 244 1277 regnante,
261 1209 348 1260 certe
365 1221 402 1260 co
419 1211 570 1284 ternpore,
586 1222 649 1283 quo
665 1199 807 1286 Royzius
823 1200 857 1262 in
874 1199 1041 1263 Poloniarn
1059 1202 1155 1284 venit,
1172 1202 1223 1265 in·

73 1303 189 1365 stituta
215 1303 317 1366 fuisse
342 1303 443 1366 inulta
468 1303 622 1367 indicant.
647 1305 761 1391 Royzii
788 1306 887 1391 igitur
912 1318 1054 1393 tempore
1077 1319 1169 1371 eraut
1187 1310 1220 1371 in

72 1407 209 1472 Polonia
227 1409 293 1472 duo
310 1409 485 1474 tribunalia
509 1412 606 1492 regia.
631 1411 672 1473 ad
697 1435 778 1497 ‹liiae
803 1435 920 1476 causac
943 1436 985 1477 ex
1009 1412 1223 1499 appellatione

71 1514 236 1598 redibant,¹
253 1515 392 1580 alterurn
417 1515 584 1590 nobilium,
615 1517 751 1580 alterum
783 1519 988 1601 urbanorum,
1013 1521 1138 1604 quibus,
1165 1520 1221 1583 Li-

70 1624 187 1686 tuania
204 1623 350 1686 noudum
367 1625 400 1686 in
431 1647 529 1686 ununi
563 1645 679 1709 corbus
712 1625 894 1707 coniuncta,
926 1624 1126 1688 accedebant
1158 1624 1222 1689 duo

70 1731 245 1815 utriusque
280 1732 409 1815 generis
441 1729 617 1794 tribunalia
649 1730 780 1813 lituana,
813 1754 913 1816 caulae
943 1741 1095 1816 quattuor
1118 1732 1222 1795 tribu-

70 1835 161 1899 nalia
185 1836 228 1900 ad
251 1862 279 1898 a.
306 1838 389 1901 1551
423 1837 611 1923 plerumque
634 1837 821 1904 Cracoviae.
856 1839 907 1901 ubi
941 1861 999 1901 rex
1032 1837 1130 1922 vulgo
1162 1838 1221 1901 lra-

68 1942 201 2020 bitavit,
225 1942 343 2008 deinde
360 1946 391 2006 in
410 1945 563 2007 Lituania
580 1943 715 2028 Vilnac,
732 1967 795 2029 (luo
820 1944 896 2007 inde
921 1944 961 2007 ab
985 1944 1047 2008 hoo
1078 1956 1222 2030 ternpore

69 2051 185 2113 sedern
209 2050 384 2127 transtulit,
410 2051 572 2135 vigebant,

180 2156 334 2244 Royzius,
359 2170 392 2220 ut
416 2159 480 2220 iam
505 2180 603 2242 scapua
627 2159 746 2239 monui,
770 2156 847 2221 inde
870 2159 910 2221 ab
935 2180 962 2220 a.
986 2159 1070 2222 1549
1088 2157 1218 2221 ilccrcto

65 2267 162 2349 regio
187 2266 337 2349 cognitor
361 2287 533 2328 causarum
559 2263 712 2327 l'olouiae
737 2276 833 2349 atque
851 2265 1001 2327 l’russiac
1019 2265 1218 2327 urbanarum

68 2372 189 2452 factus,
215 2394 279 2434 una
303 2394 379 2434 cum
402 2371 543 2434 llartino
572 2372 726 2436 Croniero
757 2370 885 2434 attondit
913 2372 945 2432 in
978 2371 1088 2434 curiae
1116 2370 1218 2433 tribu-

66 2477 136 2541 nali
172 2476 368 2542 cancellario
400 2476 541 2544 Samueli
578 2478 746 2541 Miiccovio
785 2477 961 2563 aodouique
1000 2487 1142 2562 ternpore
1182 2478 1215 2539 in

67 2585 286 2648 universitate
309 2585 488 2650 Ciuooviae
514 2586 563 2646 ius
588 2584 743 2666 tradebat,
776 2598 900 2647 urortuo
933 2606 1008 2647 vero
1040 2584 1217 2665 MaeeoviO,

66 2714 144 2756 curu
171 2693 258 2774 regis
282 2691 443 2755 velunt-ati
467 2693 640 2755 olisecutus
658 2692 848 2777 professoris
866 2713 983 2753 munus
1008 2691 1218 2754 Cracoviaui-

65 2821 131 2885 qaae
155 2797 350 2884 reliquisset.
374 2798 487 2863 eadem
511 2800 681 2862 assessoris
707 2821 839 2861 niunerc
868 2820 933 2861 una
957 2820 1031 2859 (turn
1056 2795 1217 2862 Stanislao

64 2907 251 2972 Carncovio
276 2916 371 2991 atquc
395 2907 579 2989 Augustino
603 2905 761 2981 Rotundo,
793 2916 862 2967 tuin
894 2917 1039 2989 praetore
1064 2903 1213 2986 vilnensi,

68 3013 193 3076 Ioanne
227 3012 413 3075 Prcrenrbio
445 3010 699 3097 procuncellario
728 3012 974 3090 (1550--15591
1002 3009 1217 3096 praesidente,

67 3120 189 3183 Vilnae
207 3119 405 3203 fungebatur
421 3120 477 3199 (ll.
494 3120 545 3201 81,
568 3122 605 3182 18
624 3142 680 3203 squ
711 3120 818 3182 Dacis.
835 3118 979 3181 lituauic.
997 3115 1096 3202 praef.
1113 3121 1217 3197 extat

66 3226 121 3289 Ad
147 3225 305 3289 nobilium
331 3223 438 3287 forum
462 3225 632 3308 augustale.
662 3223 772 3310 procul
791 3225 891 3287 dubio
907 3246 968 3286 uon
988 3222 1213 3304 adhibebatur,

66 3335 131 3396 nisi
156 3332 243 3418 quod
267 3334 336 3394 lieri
361 3333 471 3417 potuit,
502 3344 535 3393 ut
561 3354 635 3395 crini
665 3330 827 3393 interdurn
862 3331 1014 3414 privatin]
1048 3352 1105 3392 rex
1138 3351 1215 3391 can-

67 3439 265 3504 cellariusve
279 3439 318 3502 de
332 3437 488 3501 nobilium
504 3440 609 3501 (eausa
624 3436 815 3500 ourisulcrct.
832 3438 913 3498 Nam
928 3436 1071 3523 Royaius
1089 3446 1216 3520 praeter

67 3550 117 3611 ius
135 3569 305 3610 romauuui
324 3546 580 3629 canonicumque¹
597 3545 693 3607 etiarn
712 3544 918 3624 teutonicum,
946 3543 1038 3605 (tirius
1055 3541 1216 3604 clementa

66 3654 206 3718 fortasse
232 3654 295 3716 iani
320 3654 353 3715 in
378 3650 473 3714 ltalia
498 3663 692 3737 perceperat,
718 3661 813 3734 atquc
842 3652 945 3734 ipsum
979 3650 1028 3712 ius
1060 3647 1212 3734 polonum

67 3762 249 3827 Cracoviae
272 3758 439 3835 addidicit,
471 3760 516 3821 ita
544 3772 578 3821 ut
610 3782 684 3821 ciuu
717 3759 749 3819 in
782 3759 897 3841 (laisaris
922 3757 1001 3819 iuris
1026 3756 1214 3840 quaestione

68 3870 135 3953 regi
159 3866 446 3950 cosulentibusque
471 3865 630 3951 profuisse
655 3863 757 3927 inulta
781 3875 908 3926 exstent
932 3863 1080 3945 vestigia.

175 3974 265 4037 Inter
287 3971 346 4034 has
371 3971 432 4034 fori
456 3973 599 4056 iurisque
624 3994 719 4035 curas
748 3993 788 4032 nc
819 3993 930 4032 musac
960 3968 1101 4055 quidem,
1132 3989 1213 4053 quas

69 4083 278 4145 aiuventute
311 4078 417 4143 cultus
450 4080 522 4167 plus
554 4079 615 4142 sibi
648 4078 818 4162 profuisse,
850 4100 947 4162 quarn
978 4077 1094 4159 Dicen,
1126 4075 1215 4138 Iovis

177 4261 193 4325 ¹)
203 4259 286 4327 <Addo
306 4260 338 4308 da
358 4257 408 4308 hac
429 4257 587 4307 iudiciorum
607 4257 760 4323 polonorum
782 4257 884 4306 rationo
904 4256 937 4304 ad
960 4272 1000 4315 usi,
1020 4270 1088 4320 qiiao
1115 4255 1141 4302 in
1155 4269 1214 4303 inea

71 4349 253 4399 dissertatione
272 4348 369 4413 polana
389 4347 481 4407 adtuli,
495 4348 557 4396 libri
572 4345 729 4411 Lengniehii
744 4362 768 4410 q.
783 4347 799 4394 i.
814 4347 858 4394 lus
872 4346 1007 4409 publicum
1021 4344 1096 4407 regni
1113 4342 1215 4392 Poloniv

72 4438 129 4489 edit
149 4438 260 4488 alterius
279 4437 382 4488 (ladani
403 4451 426 4485 a.
449 4434 517 4486 1563
536 4453 573 4500 sq.
595 4452 649 4485 cur.
671 4435 734 4484 tomi
755 4436 789 4499 11,
816 4435 860 4484 lib.
889 4436 936 4493 lli,
961 4450 1020 4498 cap.
1047 4433 1109 4482 Vlll
1130 4434 1159 4493 ἐξ
1179 4428 1215 4481 42

72 4525 160 4591 01433
179 4528 223 4578 lib.
246 4527 290 4588 w,
310 4542 368 4590 cap.
388 4526 453 4576 Xlll
473 4528 503 4588 ὃς
525 4524 624 4577 8--10,
