3016 5310
666 469 819 505 rurru‘rto.

233 538 547 545 -—-.—-..-—-..-
569 539 678 545 ——-—
735 540 811 545 --...--.
829 541 918 546 .---.
948 540 1034 547 -.,.--
1076 539 1314 546 -—-...-.-—-.-—-

776 553 918 560 —-..--
936 552 1098 560 ——u-——n
1143 551 1313 559 ....-—--

170 663 362 748 probantum
386 663 506 728 etenim
529 664 626 727 etiam
651 663 737 751 apud
759 662 831 727 illos
848 685 985 748 regnare
1000 663 1199 746 ebrietatem,
1225 685 1319 750 prae-

171 779 260 832 terea
283 767 401 833 Vilnae
425 768 535 833 furum
558 771 754 834 immensum
777 792 848 834 esse
864 792 1045 853 numerum,
1068 768 1208 856 denique
1226 768 1319 834 dolos

172 873 284 954 malos,
308 874 440 940 fraudes
464 874 616 961 furtaque
638 875 832 962 pervulgata
847 899 918 941 esse
941 875 1028 963 apud
1048 876 1188 940 rusticos
1204 876 1318 940 Litua-

173 982 248 1046 niae
270 982 530 1069 Samogitiaeque
553 982 610 1067 (ΙΙ,
633 984 699 1048 269
723 987 790 1069 sq),
822 985 955 1069 eiusque
982 984 1028 1048 rei
1054 1004 1187 1046 causam
1213 984 1320 1070 suspi-

173 1098 266 1153 catur
289 1111 359 1153 esse
384 1089 585 1154 vicinitatem
616 1101 866 1176 contactumque
897 1091 1166 1174 Moseovitarum,
1198 1091 1317 1175 quibus

172 1194 254 1260 haec
278 1195 359 1260 vitia
382 1207 510 1282 praeter
534 1196 665 1260 modum
691 1197 755 1261 siut
773 1196 948 1261 familiaria
964 1198 1085 1279 (Decis.
1102 1195 1148 1260 lit
1165 1196 1229 1271 ΙΙΙ,
1252 1197 1316 1261 538

172 1306 276 1382 em).
300 1302 377 1388 Ipsa
400 1305 518 1368 itinera
542 1304 575 1367 in
599 1304 752 1368 Lituania
777 1303 885 1368 lacere
901 1303 1077 1368 admodum
1093 1325 1165 1367 esse
1181 1302 1317 1368 difficile

173 1419 205 1472 et
227 1407 409 1494 molestum,
432 1433 497 1474 non
520 1433 591 1476 esse
615 1411 713 1493 enim,
737 1409 824 1475 unde
847 1411 955 1475 cibum
973 1419 1147 1496 potumque
1164 1408 1318 1473 idoneum

173 1538 272 1598 emas,
295 1516 479 1582 deversoria
502 1528 610 1582 autem
634 1528 730 1604 atque
753 1516 894 1604 hospitia
916 1539 1030 1582 carere
1046 1517 1133 1581 omni
1151 1516 1245 1581 cultu
1260 1515 1318 1579 hu·

173 1644 269 1687 mano
293 1624 331 1707 (I,
354 1625 419 1688 240
444 1629 535 1711 sqq.);
558 1625 639 1690 haec
662 1627 732 1710 ipsa
756 1634 864 1688 tamen
889 1623 1013 1688 leviora
1036 1646 1107 1688 esse
1131 1645 1209 1710 prae
1231 1623 1317 1687 diffi-

174 1727 350 1793 cultatibus
382 1732 507 1796 itineris
538 1755 595 1818 per
622 1731 829 1796 Moschorum
860 1732 941 1795 fines
972 1729 1182 1816 inhospitales
1214 1731 1319 1795 susci·

174 1835 297 1921 piendi,
328 1860 409 1922 quas
433 1839 512 1901 atris
536 1836 698 1902 coloribus
722 1837 869 1924 depingit
892 1839 1045 1919 Canobio,
1077 1859 1180 1924 papae
1211 1837 1322 1923 legato

174 1941 217 2005 ad
240 1942 418 2007 Russorum
443 1946 671 2030 imperatorem
695 1944 839 2009 tendenti
865 1945 902 2028 (I,
926 1945 991 2008 209
1015 1949 1104 2030 sqq).

281 2048 425 2138 Royzius
449 2073 524 2114 eam
548 2050 657 2137 legam
681 2052 825 2137 iurisque
840 2063 924 2115 esset
940 2051 1155 2137 peritissimus
1171 2050 1321 2134 ingenio-

174 2177 237 2240 que
260 2158 417 2220 acerrimo
440 2156 687 2222 humanioribus
710 2157 834 2221 artibus
858 2157 987 2223 exculto
1003 2155 1187 2237 excelleret,
1211 2157 1321 2242 potius

175 2262 355 2348 disputator
379 2274 546 2351 promptus
570 2275 757 2350 acutaeque,
787 2286 884 2350 quarn
908 2277 1016 2327 orator
1039 2262 1193 2349 eloquens
1217 2262 1320 2326 fuisse

175 2368 313 2453 videtur,
337 2371 489 2456 ipsaeque
512 2373 582 2435 eius
606 2383 712 2457 partes
737 2371 770 2433 in
795 2370 985 2435 dantiscano
1009 2381 1098 2434 motu
1120 2368 1265 2434 sedando
1281 2390 1319 2432 eo

175 2474 313 2560 ducunt,
345 2489 379 2541 ut
410 2500 483 2541 eum
514 2477 673 2543 tradendo
704 2479 767 2541 iuri
797 2478 968 2562 causisque
991 2475 1191 2559 iudicandis,
1222 2497 1319 2561 quam

173 2580 391 2667 legationibus
407 2584 564 2649 obeundis
577 2586 739 2671 rebusque
756 2582 895 2670 publicis
911 2582 1144 2669 componendis
1160 2584 1319 2668 aptiorem

175 2687 276 2754 fuisse
299 2693 510 2776 suspicemur.
549 2692 692 2756 Vividus
723 2693 810 2755 enim
841 2692 970 2755 animus
1002 2691 1073 2754 eius
1102 2688 1200 2753 facile
1224 2688 1320 2772 ultra,

175 2818 273 2881 quam
308 2819 367 2884 par
397 2810 482 2871 erat,
517 2799 766 2881 effervescebat,
802 2799 996 2883 carebatque
1027 2820 1102 2862 cum
1137 2797 1322 2861 necessaria

99 2906 103 2914 '
176 2905 337 2989 aequitate
361 2917 457 2991 atque
480 2905 721 2991 tranquillitate,
752 2916 822 2968 tum
853 2906 952 2969 etiam
979 2904 1202 2968 taciturnitate
1225 2915 1321 2988 atque

176 3009 362 3091 calliditate,
385 3012 503 3098 quibus
526 3014 597 3077 viro
621 3036 698 3077 vere
715 3011 805 3076 civili
822 3035 902 3097 opus
918 3023 974 3075 est.
1000 3011 1092 3075 Haec
1108 3020 1218 3074 tamen
1234 3011 1322 3073 vitae

176 3116 326 3202 publicae
349 3119 538 3205 aulicaeque
560 3119 793 3206 impedimenta
823 3120 857 3182 in
881 3119 1033 3183 convictu
1059 3118 1188 3204 privato
1216 3118 1323 3181 cario-

176 3247 244 3290 rem
276 3226 343 3290 fere
375 3250 448 3291 eum
478 3226 673 3309 reddebant,
704 3226 913 3312 moribusque
936 3227 1082 3310 integris,
1115 3225 1268 3289 comitate
1290 3234 1328 3288 et

175 3330 377 3398 humanitate
401 3356 466 3397 non
490 3333 610 3417 fucata,
632 3333 790 3398 facilitate
813 3344 909 3419 atque
933 3333 1129 3418 loquacitate
1152 3329 1250 3395 facile
1265 3353 1323 3394 as·

176 3439 378 3526 sequebatur,
410 3453 445 3506 ut
472 3442 514 3506 ab
537 3440 763 3506 honestissimo
790 3463 918 3526 quoque
940 3439 1141 3524 diligeretur,
1173 3438 1213 3502 ab
1246 3459 1321 3502 eru·

178 3545 320 3611 dissimis
336 3569 413 3611 vero
431 3549 517 3612 inter
532 3546 738 3612 doctissimos
754 3557 989 3612 numeraretur.
1013 3546 1125 3631 Neque
1142 3567 1221 3609 vero
1238 3542 1327 3608 mul—

177 3663 284 3717 torum
308 3655 373 3718 iras
397 3666 453 3718 aut
468 3655 544 3719 odia
559 3657 593 3718 in
610 3678 684 3720 eum
698 3654 733 3717 id
750 3655 917 3733 excitavit,
940 3653 1025 3740 quod
1042 3653 1131 3716 vitiis
1144 3652 1321 3737 pravisque

179 3760 301 3824 civium
324 3762 470 3826 moribus
497 3763 631 3826 minime
662 3762 822 3848 pepercit,
854 3760 1074 3845 agnoscebant
1105 3759 1191 3822 enim
1222 3756 1331 3842 vulgo

178 3865 324 3931 homines
349 3868 523 3954 prudentes
547 3871 637 3933 nasci
670 3868 704 3932 id
732 3891 773 3932 ex
798 3889 876 3931 vero
899 3866 1053 3930 Poloniae
1077 3887 1195 3947 amore,
1225 3886 1325 3949 quam

177 3973 313 4038 alteram
345 3977 482 4061 patriam
514 3977 657 4065 Royzius
690 3974 850 4060 singulari
885 3973 992 4037 studio
1028 3983 1112 4037 esset
1143 3969 1325 4057 amplexus,

179 4103 283 4167 neque
306 4082 411 4147 solum
434 4085 481 4167 ei,
511 4085 567 4170 qui
591 4084 721 4149 iudiciis
745 4084 815 4146 eius
839 4080 1107 4160 assentiebantur,
1137 4076 1194 4141 sed
1225 4077 1326 4141 etiam

179 4189 234 4272 qui
257 4189 400 4276 quadam
422 4212 464 4254 ex
486 4201 577 4276 parte
600 4191 641 4255 ab
665 4212 703 4255 eo
726 4188 969 4253 dissentiebant.
994 4186 1108 4271 Itaque
1131 4195 1162 4248 et
1178 4204 1237 4247 rex
1254 4184 1326 4269 ipse

181 4295 215 4357 in
238 4294 368 4360 decreto
392 4320 450 4362 suo
474 4319 666 4383 propensam
690 4319 768 4381 erga
784 4319 818 4359 se
834 4316 973 4379 suosque
989 4292 1105 4379 Roynii
1122 4289 1325 4354 voluntatem

180 4404 328 4486 agnoscit
352 4402 458 4483 (ossol.
481 4427 539 4467 ms,
565 4405 637 4481 180,
663 4405 748 4486 106),
771 4413 803 4466 et
826 4400 975 4465 Andreas
999 4398 1172 4480 Tricesius,
1197 4417 1274 4460 eum
1290 4397 1328 4460 in

181 4512 329 4597 ignotum
341 4511 607 4576 calumniatorem
623 4511 663 4575 ob
680 4510 803 4575 editum
820 4531 933 4596 poema
949 4504 1185 4573 Chiliastiolion
1200 4503 1334 4591 Royzio-
