3016 5310
794 501 871 537 raum
890 500 979 537 Romi

422 701 593 788 Egressus,
616 720 722 764 mores
745 697 937 786 populorum
961 707 996 762 ut
1020 707 1129 763 nosset
1151 706 1183 763 et
1205 697 1314 784 urbes,

322 830 391 874 rso.
425 806 530 875 Multa
553 807 635 872 adiit
658 806 761 871 maria
784 816 815 872 et
837 816 949 892 terras,
972 806 1138 895 variisque
1160 804 1292 893 petiolis

425 915 467 986 So
490 914 617 1000 obiecit,
640 922 786 979 sanatam
811 923 846 977 ut
869 911 1076 1003 Solymorum
1099 914 1271 1000 attingeret
1295 911 1418 998 urbem,

426 1023 581 1092 Sanctam
605 1021 727 1106 urbem,
750 1020 872 1088 Christi
894 1043 1042 1086 maerens
1065 1043 1149 1108 quae
1171 1019 1319 1087 condidit
1343 1019 1417 1087 olim

424 1130 509 1198 Ossa
531 1130 594 1195 Dei
618 1127 833 1216 mortalesque
856 1137 954 1213 artus,
977 1150 1091 1193 rursus
1114 1138 1146 1194 et
1169 1129 1258 1193 auris

423 1237 588 1321 Reddidit,
612 1245 648 1301 ut
669 1259 771 1324 ragno
792 1235 942 1300 Plutonis
965 1244 1067 1301 morte
1091 1235 1226 1301 subacto

323 1370 391 1413 rto.
424 1347 561 1412 Petrum
584 1345 709 1409 animas
732 1344 836 1409 vietor
859 1341 1000 1408 stellanti
1024 1343 1157 1409 inferret
1180 1342 1324 1434 Olympo

425 1452 651 1541 Caelestesque
674 1451 786 1515 domos
810 1450 921 1517 olauso
944 1460 1101 1517 reseraret
1123 1451 1265 1536 Averno,

423 1561 621 1627 Promeritas
644 1559 791 1624 adimens
815 1581 935 1646 poenas
958 1556 1148 1623 mortalibus
1172 1559 1289 1645 aegris.

513 1668 686 1732 Proximus
709 1666 788 1731 huie
809 1665 923 1752 lingua
946 1675 977 1731 ot
993 1675 1141 1753 prompto
1157 1665 1366 1732 Siraoovius¹
1390 1687 1457 1732 aoor

426 1775 573 1863 Eloquio,
597 1797 661 1862 quo
684 1796 778 1839 nemo
800 1772 878 1838 boni
902 1783 958 1838 aut
981 1773 1159 1839 consultior
1182 1774 1277 1861 aequi
1301 1783 1351 1839 est

324 1906 392 1949 rao.
427 1882 560 1949 Gratior
582 1892 637 1946 aut
661 1881 769 1967 fando,
792 1880 871 1945 dum
894 1881 1007 1946 sollers
1029 1881 1136 1967 iurgia
1159 1903 1330 1968 nunquam

426 1991 592 2058 Cessantis
616 1989 724 2076 populi
748 1988 919 2076 perplexas
943 1998 1073 2054 nestero
1096 1988 1168 2053 lites

426 2098 618 2184 Augustove
640 2096 739 2162 refert
761 2097 840 2183 regi,
864 2096 1002 2161 solvitve
1026 2095 1172 2161 doeendo

427 2205 594 2270 Victorem
617 2203 714 2289 huno,
738 2203 859 2269 frustra
883 2227 916 2269 se
940 2203 1059 2269 dedere
1081 2202 1193 2268 litibus
1216 2203 1311 2269 illum

368 2319 372 2326 '
427 2313 603 2397 Enarrans,
626 2310 826 2398 dubiumque
849 2311 910 2375 fori
934 2311 1109 2377 discrimen
1133 2311 1231 2377 adire.

324 2443 392 2486 180.
515 2420 720 2484 Praeteream
743 2441 804 2484 neo
826 2428 867 2505 te,
892 2419 1060 2506 Sborovi2,
1083 2419 1169 2485 bella
1192 2420 1383 2486 frementem

426 2528 672 2615 Mavortemquo
695 2528 800 2592 ferum
823 2528 1035 2614 victriciaque
1059 2526 1322 2616 arma'joientem.

429 2637 608 2701 Horruerat
631 2636 697 2699 iam
719 2636 802 2700 Livo
825 2645 908 2721 tuas,
931 2645 1083 2722 expertus
1107 2639 1162 2700 et8
1184 2645 1268 2703 esset

427 2744 468 2809 In
493 2767 551 2809 sua
574 2744 695 2808 damna
717 2766 834 2808 manus
858 2744 982 2807 utinam
1005 2742 1189 2830 pubemque
1211 2742 1372 2831 polonum,

428 2850 546 2937 Quam,
570 2851 653 2917 duae
676 2860 716 2937 te,
739 2850 886 2939 pulohris
908 2851 1048 2915 Livonia
1071 2849 1154 2915 vidit
1177 2851 1211 2914 in
1235 2851 1345 2936 armis,

324 2980 393 3025 rso.
431 2960 474 3026 Et
497 2958 685 3024 formidavit
708 2960 891 3024 venientem
915 2969 1012 3045 atque
1035 2980 1126 3023 arma
1149 2958 1315 3026 ferentem.

520 3066 695 3132 Volscius⁴
718 3066 772 3132 hio
796 3066 887 3132 Italis
910 3066 1022 3132 aderat
1045 3066 1128 3132 bene
1151 3064 1259 3132 oultus
1281 3067 1317 3132 in
1341 3069 1415 3149 oris3

433 3174 520 3242 Olim
543 3197 638 3262 quem
662 3174 773 3239 doouit
796 3173 975 3239 studiorum
999 3174 1131 3240 Felsina
1154 3175 1267 3240 nutrix

432 3284 587 3368 Aevoque
609 3281 723 3346 eduxit
745 3282 849 3370 primo
872 3292 904 3346 et
927 3283 1060 3347 florente
1082 3283 1224 3369 iuventa,

432 3389 572 3475 Dignus,
596 3411 692 3476 quem
715 3399 839 3476 partem
863 3412 922 3455 rex
945 3390 1074 3454 iusserit
1097 3412 1168 3455 osse
1190 3400 1332 3456 senatus.

332 3520 399 3563 roo.
521 3495 700 3584 Regalique
723 3496 800 3561 olim
824 3507 971 3563 assuetus
994 3497 1191 3563 Raduiovius
1214 3497 1318 3584 aulae,

433 3604 525 3669 Bella
549 3603 795 3691 sigismundum
819 3605 888 3669 sive
910 3604 991 3670 haeo
1015 3606 1084 3671 siva
1106 3605 1163 3669 illa
1186 3615 1353 3693 gerentem

434 3711 641 3780 Sauromatas
665 3714 749 3778 inter
771 3736 835 3777 non
861 3713 993 3777 ultimus
1016 3714 1085 3800 ipse
1109 3724 1248 3779 seoutus.

525 3820 570 3885 Hi
593 3843 719 3906 venero,
742 3831 844 3906 tuum,
867 3843 1025 3909 proceres,
1048 3844 1123 3910 pars
1146 3843 1266 3908 magna
1289 3831 1429 3907 senatus,

434 3928 630 4009 Quilaetum
638 3927 1465 4020 eelebrent5,Trebuohovi,almumquehymenaeum,

435 4151 445 4180 ¹
463 4153 586 4215 Ioannes,
605 4151 709 4217 eloquio
728 4151 845 4218 iurisque
859 4152 956 4218 peritia
969 4151 1066 4215 clarus,
1080 4157 1137 4202 tum
1149 4150 1314 4203 easmllanus
1326 4150 1468 4205 undensis

328 4242 450 4310 stregai
469 4240 595 4293 Polouiae
614 4240 810 4293 referendarius
829 4238 1069 4308 (Subierzczar'rslri,
1089 4241 1154 4291 Eue.
1173 4236 1218 4306 a).

436 4328 446 4358 ²
465 4329 578 4382 Videtur
596 4346 654 4383 ease
673 4332 815 4397 Martinus,
834 4340 890 4383 tum
910 4331 1045 4398 palatinus
1065 4329 1258 4396 posnaniensis.

436 4417 496 4471 'In
516 4419 620 4472 Cornie.
643 4425 714 4484 „ut“.

435 4509 447 4539 ⁴
465 4511 561 4562 Petrus
580 4511 714 4576 Dreinos,
732 4511 777 4577 qui
796 4516 889 4577 postea
907 4524 1019 4579 maguus
1038 4509 1116 4579 regui
1134 4506 1313 4561 cancellarius
1333 4509 1394 4563 fuit.

438 4597 515 4652 ‘Ma
538 4601 698 4662 „celebret“.
