3016 5310
390 640 472 706 Cum
498 663 556 704 sua
582 639 791 706 Sauromatae
815 639 950 703 veniunt
974 638 1015 703 ad
1040 640 1179 726 prandia
1203 640 1286 725 laeti,

299 747 382 814 Cum
406 748 519 834 primis
543 746 647 834 epulis
671 747 829 811 cerealia¹
855 746 970 833 poeula
995 748 1136 833 primum

221 878 264 918 io.
296 855 466 919 Ponuntur
489 877 609 938 mensa,
634 853 825 942 cyathorum
850 853 1010 940 plurimus
1033 854 1121 938 ordo,

299 961 424 1048 Cuique
448 986 526 1026 suus
550 972 671 1044 contra,
695 961 913 1047 dextrasque²
936 972 1104 1048 exspectat
1126 985 1254 1047 avaras,

300 1066 556 1155 Surgentemque
580 1069 666 1131 sitim
691 1067 955 1154 stomachumque
979 1067 1087 1133 calore
1110 1069 1259 1133 cientem.

389 1174 510 1239 Pocula
533 1175 669 1261 quisque
692 1197 790 1238 manu
815 1175 920 1261 prima
943 1175 1026 1239 inter
1050 1174 1176 1239 fercula
1200 1186 1308 1262 raptat,

300 1281 422 1345 Pocula
445 1303 527 1367 quae
551 1283 671 1368 primos
695 1282 897 1366 restinguant
921 1281 1025 1367 prima
1049 1281 1183 1365 calores,

223 1411 266 1451 io.
297 1387 519 1473 Ardoremque
544 1389 613 1451 sitis
638 1389 765 1453 frenent
789 1389 949 1453 venientis
973 1388 1135 1453 anhelum.

300 1494 443 1559 Invitarc
467 1494 558 1559 nefas
581 1517 784 1582 quemquam,
810 1535 848 1542 -
875 1496 1013 1560 invitare
1036 1496 1182 1560 vicissim

299 1600 505 1687 Quamquam
528 1626 597 1666 mus
620 1603 726 1688 gentis
749 1602 885 1689 priscus,
901 1641 944 1649 —-
960 1624 1036 1667 cum
1059 1602 1178 1688 pocula
1202 1612 1326 1666 sumunt

299 1708 421 1772 Prima:
445 1710 532 1772 sitim
554 1721 633 1773 tuuc
656 1710 812 1795 quisque³
834 1731 926 1773 suam
950 1708 1047 1790 levet3
1070 1708 1174 1774 altera
1189 1708 1247 1774 sed
1260 1730 1326 1774 cum

300 1815 449 1880 Tertiave
473 1817 646 1902 accipiunt,
670 1817 817 1902 quemvis
841 1815 882 1878 ad
906 1815 1023 1902 pocula
1047 1814 1097 1879 fas
1120 1825 1169 1880 est

219 1945 267 1986 20.
298 1923 435 1986 Poscere
459 1933 490 1987 et
514 1936 640 1987 ostenso
665 1923 785 1987 bellum
809 1922 856 1986 illi
881 1922 1025 1987 indicere
1048 1924 1146 1987 vitro:

301 2029 426 2094 Bellum
450 2029 554 2114 dulce,
579 2029 642 2093 illis
666 2041 697 2094 et
721 2052 784 2094 non
809 2029 983 2094 inamabile
1006 2030 1110 2094 terris.

389 2136 454 2216 Qui
479 2137 603 2221 invitat,
630 2177 668 2184 -
694 2160 763 2200 mos
787 2150 834 2201 est
858 2135 969 2200 multis
997 2148 1145 2201 servatus
1174 2135 1216 2200 ab
1240 2135 1323 2199 annis

302 2242 518 2308 Sarmatiam
543 2265 670 2328 magna,
693 2283 736 2290 —-
760 2265 856 2329 quem
879 2244 1004 2327 invitat,
1028 2242 1124 2307 dulce
1149 2242 1266 2306 salutat

301 2350 413 2435 Seque,
438 2373 533 2414 suurn
557 2350 702 2414 officium
726 2351 752 2412 si
777 2349 906 2435 quando
930 2351 1097 2436 optaverit,
1122 2351 1223 2414 offert.

219 2477 267 2519 ao.
299 2456 427 2521 Deinde
452 2457 541 2541 bibit,
565 2456 684 2545 cyatho
707 2468 738 2521 et
762 2457 890 2542 penitus
914 2479 948 2520 se
971 2456 1091 2542 proluit
1114 2455 1193 2537 alt03

301 2563 561 2649 Ostensumque⁴
585 2562 641 2646 illi,
665 2586 761 2649 quom
784 2562 869 2626 laeta
893 2563 933 2626 ud
958 2562 1075 2648 pocula
1098 2565 1211 2649 poscit,

301 2670 452 2735 Protinus
476 2671 641 2756 accipiunt
665 2669 788 2755 i'aruuli⁷
811 2692 894 2756 quae
917 2669 1057 2755 plurima
1077 2669 1174 2733 turha

302 2778 371 2844 Stat
395 2777 517 2841 circum
542 2776 686 2862 talesque
709 2776 823 2840 volans
848 2776 989 2841 deservit
1012 2776 1075 2840 ad5
1097 2797 1186 2860 usus,
1210 2813 1252 2823 -

301 2885 343 2948 Et
366 2884 666 2968 reserant-mora
690 2883 963 2967 nulla—vacent
983 2905 1023 2946 ue
1039 2881 1170 2968 gaudia,
1194 2880 1321 2969 plenum.

219 3012 266 3054 so.
298 2992 428 3077 Accipit
450 2991 561 3055 hunul
584 2989 708 3073 dextra
731 2990 826 3053 modo
850 2991 904 3076 qui
929 2990 1092 3074 invitarat,
1116 2999 1228 3075 spano

302 3098 342 3160 Et
367 3098 472 3183 capite
496 3120 670 3182 assurgens
694 3097 836 3183 speranti
860 3096 992 3183 praebet
1015 3096 1130 3160 amice.

301 3203 359 3266 Ille
383 3215 491 3268 autem
514 3204 618 3268 laetus
641 3203 763 3267 nudato
786 3205 908 3268 vertice
932 3203 1031 3266 sumit

302 3311 488 3375 Porrectum
512 3311 676 3400 cyathum,
700 3310 789 3375 dicta
811 3321 844 3375 et
866 3310 907 3374 de
930 3331 1018 3374 more
1041 3309 1174 3395 salutel,

301 3417 362 3482 Cui
386 3416 541 3504 placitum
565 3428 614 3482 est
638 3417 702 3502 alii,
727 3419 809 3482 votis
834 3416 1005 3503 respondet
1028 3417 1135 3499 amici,

300 3524 508 3611 Spumantem
533 3535 565 3589 et
587 3535 732 3610 pateram
757 3524 896 3587 fundum
921 3523 1064 3588 desiccat
1088 3522 1129 3586 ad
1154 3523 1255 3588 imum

301 3630 452 3718 Impiger.
476 3630 678 3717 ostenditque
703 3630 806 3695 solum
830 3629 1036 3717 laquearibus
1061 3628 1143 3694 altis.

300 3738 341 3802 Ni
367 3737 466 3802 farciat
490 3737 545 3802 tali
571 3740 685 3825 speeie,
710 3749 888 3803 commotus
912 3738 1037 3801 amicus

303 3979 310 4006 ¹
336 4000 359 4021 =
384 3979 532 4044 splendida,
553 3995 650 4044 taragna
669 3980 810 4043 (Plautus).

302 4066 312 4095 ²
331 4070 387 4119 eod.
408 4082 483 4117 navr.
506 4069 653 4129 „deutrus”¹

301 4156 385 4208 'eod
406 4173 482 4207 narr.
506 4162 649 4222 „quoque“‚

301 4247 310 4275 ⁶
331 4265 366 4297 sc.
389 4248 523 4310 cyathum.

301 4335 312 4365 ⁶
331 4338 386 4387 cod.
407 4352 482 4385 navr.
505 4337 580 4393 „ab“.

301 4425 386 4477 lcod.
409 4441 483 4474 narr.
507 4425 610 4483 „unica

303 4514 386 4566 ²e0d.
409 4531 483 4564 nuvr.
503 4515 572 4564 salso
593 4515 681 4576 „dicta
701 4522 726 4563 et
746 4528 818 4563 more
838 4514 963 4564 salutat·.
