3016 5310
319 440 385 504 288
794 456 871 492 rsuu
890 456 987 491 sonu.

320 527 657 534 ——.-—-—-—--

881 713 899 762 f.

766 853 801 907 ln
820 852 1022 908 Gadanonsas.

429 980 568 1066 Legatos
591 980 677 1066 regis
700 980 756 1066 qui
779 1002 844 1044 non
869 979 1000 1044 admisit
1021 979 1170 1064 inermes,

484 1086 608 1153 Sentiat
631 1097 772 1151 armatas
796 1085 908 1150 militis
932 1085 986 1151 ille
1009 1108 1134 1152 manus.

882 1372 907 1421 g.

685 1496 733 1550 Ad
750 1495 867 1565 plebem
886 1495 1101 1566 gadanonsem.

431 1623 533 1685 Arma
555 1644 663 1705 manu,
687 1621 787 1708 plebs,
810 1644 902 1708 pone,
931 1631 1100 1707 metusque
1130 1620 1183 1685 fao
1206 1620 1340 1686 excidat
1364 1619 1463 1685 omnis

484 1728 549 1792 Res
572 1729 641 1814 regi
665 1728 755 1793 sordi
779 1739 863 1811 sunt,
888 1726 966 1791 mihi
991 1727 1095 1812 erede,
1118 1737 1201 1792 tuae.

431 1834 550 1901 Omnia
573 1846 643 1899 tuta
665 1846 757 1922 puta3
781 1835 899 1922 legatio
922 1835 1065 1921 quinque
1088 1835 1232 1898 virorum

484 1942 557 2005 Non
581 1942 650 2026 tibi,
673 1942 729 2006 ssd
753 1943 866 2028 paneis
890 1952 938 2006 est
962 1941 1135 2007 metuenda
1157 1951 1296 2028 patrum.

884 2212 909 2260 h.

699 2352 742 2406 Da
761 2351 979 2420 gedanensinm
1000 2356 1091 2406 motu.

433 2476 532 2539 Aroet
556 2474 596 2539 ab
620 2477 768 2560 ingressu
792 2474 921 2540 Gedani
946 2498 1021 2540 eum
1044 2473 1137 2561 plebe
1161 2484 1293 2538 senatus

485 2581 584 2665 Regis
606 2582 738 2668 legatos,
763 2587 838 2646 aut¹
864 2583 933 2646 sino
956 2580 1049 2668 plabe
1072 2591 1188 2667 patres.

435 2687 557 2752 Haud²
580 2690 648 2754 sine
671 2688 765 2776 plebe
788 2700 908 2775 patres3
932 2712 1008 2752 nam
1031 2687 1122 2775 plebs
1146 2687 1283 2773 decepta
1307 2698 1438 2754 senatus

485 2795 682 2861 Commentis
708 2796 792 2859 vafri
817 2794 967 2882 turpibus
992 2817 1082 2859 arma
1104 2805 1199 2859 tenet.

374 2923 400 2965 u.
431 2903 475 2965 At
499 2903 526 2966 si
549 2901 640 2988 plebs
664 2904 740 2966 vani
764 2902 867 2967 discet
890 2903 1046 2987 figmenta
1068 2912 1208 2985 senutus,

486 3008 661 3074 Convertat
684 3031 724 3073 ne
747 3010 781 3071 in
806 3032 863 3072 vos
888 3031 986 3092 arma,
1010 3018 1130 3092 cavete
1154 3019 1270 3094 patres.

887 3261 903 3310 i.

487 3401 545 3465 Ad
577 3401 970 3468 SIGISMUNDUM
1000 3398 1306 3466 AUGUSTUM

672 3528 796 3578 Poloniae
816 3544 906 3592 regem
925 3527 1018 3577 eadem
1036 3526 1068 3576 ds
1087 3541 1124 3576 re.

435 3649 561 3737 Rumpe
585 3653 702 3715 moras!
728 3651 830 3736 ruptis
853 3649 929 3713 fidei
954 3672 994 3714 ne
1017 3648 1153 3713 erimina
1177 3646 1302 3711 vinulis*

489 3757 653 3844 Impunita
676 3757 759 3822 ferat
782 3756 906 3844 perfida
928 3756 1105 3843 progenies.

436 3865 567 3950 Legatis
591 3888 672 3951 quae
697 3864 808 3929 elausa
832 3865 896 3928 tuis
921 3874 996 3927 sunt
1020 3862 1154 3945 moenia,
1178 3882 1274 3925 muro

491 3971 632 4036 Effraoto
655 3982 786 4058 pateant
809 3969 974 4058 gressibus
998 3967 1054 4032 illa
1075 3967 1149 4031 tuis,

378 4100 403 4141 5.
436 4079 477 4142 Et
501 4079 666 4164 castigatis
690 4078 799 4143 inlidis
823 4076 961 4161 civibus,
985 4075 1061 4140 olim

492 4183 626 4250 Servare
650 4184 798 4249 addiscat
822 4195 927 4248 astera
950 4181 1046 4247 turba
1070 4180 1175 4246 fidem.

440 4432 448 4462 ¹
468 4431 553 4495 prima
572 4442 660 4479 manu:
683 4426 797 4490 „hand“,
816 4441 911 4476 manus
930 4422 1061 4490 posterior
1079 4437 1145 4474 corr.
1167 4421 1260 4484 „aut“..

439 4519 449 4549 ¹
467 4519 553 4586 prima
571 4533 613 4569 m:
636 4522 725 4580 „ant“,
745 4532 839 4567 manus
858 4520 926 4580 post.
947 4529 1013 4566 corr.
1035 4510 1148 4576 „haud“.
