2948 5302
635 1479 698 1538 111.

229 1682 619 1788 CARMINA
672 1685 1110 1791 FUNEBRIA.

640 1899 692 1943 ’ῆῗ

643 2112 693 2175 10.

398 2307 637 2383 CARMEN
665 2310 938 2384 FUNEBRE

540 2465 569 2515 in
587 2466 663 2517 obitu
681 2466 793 2517 illustris

470 2607 604 2672 Parni
627 2606 861 2693 causans,

315 2736 448 2799 primae
471 2737 687 2785 sarmaticae
711 2737 808 2786 sedis
832 2734 1022 2800 episeopi¹.

203 2925 291 3005 Quos
315 2950 375 3013 ego
399 2926 577 2993 Sarmatiae
600 2926 716 3011 luctus,
741 2950 823 3013 quae
847 2928 962 2992 funera
985 2926 1091 2993 dicuin

202 3034 313 3120 Digna
337 3045 395 3117 sat,
419 3032 540 3099 orbatis
564 3057 682 3120 magno
705 3044 832 3120 pastore
856 3034 1008 3099 Polonis?

202 3139 358 3205 Gamrato
381 3152 517 3229 pastore,
541 3142 608 3206 suis
632 3142 688 3228 qui
712 3151 830 3206 cuneta
854 3140 985 3227 regebat

203 3247 364 3332 Consiliis,
387 3251 505 3335 pietate
529 3250 643 3335 ingens
667 3259 698 3313 et
722 3248 859 3313 sortibus
883 3249 980 3312 ausis.

152 3374 173 3416 s.
290 3357 429 3441 Amisso,
452 3356 577 3440 infelix,
603 3355 766 3439 Gramrato7
792 3355 947 3439 Sannum,
972 3355 1055 3440 luge.

202 3461 405 3549 Pauperibus
429 3465 533 3550 patuit
557 3485 683 3549 semper
706 3461 834 3543 donius3
858 3462 946 3525 illius
970 3485 1094 3545 aurum,

202 3569 364 3634 Fortunas
388 3582 420 3635 et
442 3594 517 3657 opes
541 3581 665 3635 vestras
689 3569 858 3652 didicistis,
882 3571 984 3655 egeni.

152 3728 300 3741 Q—

203 3819 210 3847 ¹
230 3822 326 3871 Petrus
345 3821 457 3872 Gamrat
476 3836 609 3870 armorum
628 3820 730 3871 Sniima
744 3821 834 3871 favore
847 3821 937 3870 Bonae
951 3820 1059 3886 reginae
1073 3817 1107 3869 ad
1120 3833 1236 3868 summos

152 3922 207 3958 iores
226 3917 336 3961 evectus
357 3917 406 3961 est.
434 3911 534 3961 Factus
553 3918 593 3960 est
612 3927 636 3961 a.
656 3908 725 3961 1535
745 3909 944 3975 premisliensis‚
963 3923 980 3958 a
1008 3906 1077 3958 1537
1094 3907 1236 3972 pianensis,

152 3991 210 4049 1538
235 3999 414 4049 cracoviensis
435 4000 582 4065 episcopus.
607 4000 720 4064 deniqne
745 4015 769 4050 a.
792 3996 861 4050 1540
886 3998 1041 4064 gnesnensis
1064 3995 1241 4060 archispisco-

152 4112 159 4132 π.
181 4087 444 4153 archiepiscopatum
469 4105 522 4138 una
547 4105 607 4139 cuni
633 4091 788 4154 episcopatu
813 4087 978 4137 cracoviensi
1005 4092 1109 4151 praeter
1134 4083 1240 4133 solitum

152 4174 185 4224 uit
202 4193 283 4242 nsque
303 4176 336 4226 ad
356 4187 467 4228 mortam
486 4195 510 4228 a.
536 4176 610 4230 1545.
633 4179 707 4228 Cous.
729 4194 753 4229 r.
773 4177 808 4229 oo
828 4194 866 4242 sq.

203 4262 213 4291 ³
230 4267 290 4316 Hoc
310 4282 417 4318 carmen
437 4268 507 4332 typis
527 4269 627 4318 editum
648 4275 688 4318 est
701 4268 846 4318 cracoviae
860 4282 950 4317 mense
964 4263 1108 4329 septembri
1122 4278 1146 4311 a.
1161 4258 1239 4322 1515,

152 4363 204 4416 *qus
222 4355 347 4406 editionis
366 4356 501 4423 exemplar
520 4355 699 4408 bibliothecae
718 4356 872 4407 Ossolineae
891 4356 919 4403 in
932 4369 1019 4405 msurn
1041 4368 1117 4402 usum
1136 4350 1240 4401 vocavi.

152 4438 297 4506 igrammsta
317 4447 344 4495 in
364 4448 451 4499 fronte
470 4457 497 4497 et
516 4448 549 4497 ad
569 4448 670 4498 calcem
690 4446 814 4497 editionis
834 4444 966 4494 collocata
986 4445 1012 4491 in
1033 4459 1141 4492 numero
1161 4443 1240 4491 mino·

152 4545 162 4576 ΙΙ
177 4537 321 4585 carminum
341 4535 391 4587 voi.
412 4537 438 4586 11
458 4553 610 4605 proponant.
