3016 5310
602 1511 659 1570 IX.

465 1698 798 1804 MIXTA.

604 1894 656 1935 71¹.-

303 2103 951 2184 DANTISCANA¹.

624 2317 643 2385 ι.

361 2492 610 2563 sramsmo
633 2491 904 2578 oauuoovm,

274 2621 392 2685 praetuli
416 2620 611 2671 wladislaviae
624 2618 644 2684 ',
675 2621 789 2671 Ietulam
816 2620 957 2687 naviganti
971 2616 989 2670 ⁸.

631 2796 648 2863 1

165 2920 240 3000 Quo
263 2919 358 2985 tellus
382 2919 438 2984 dat
461 2921 531 3005 iter,
553 2941 595 2984 ne
618 2930 651 2984 te
673 2920 865 2984 committito
887 2930 994 3006 ponto,

220 3027 263 3091 lit
286 3036 317 3090 te
340 3027 513 3091 flumineae
536 3026 668 3092 eredere
691 3048 789 3112 pareo
811 3027 882 3090 rati.

169 3215 256 3267 1Ηοο
275 3215 353 3266 titulo
372 3216 526 3282 complexus
545 3232 601 3266 anni
622 3214 750 3277 earmina,
775 3230 844 3281 qnae
866 3216 1020 3264 relernntur
1046 3214 1140 3263 adres
1160 3220 1201 3262 tu-

60 3305 210 3370 multusque
229 3305 427 3356 Gedaneneium
447 3321 487 3354 aa.
510 3303 694 3357 tota-1570.
715 3306 789 3368 Quae
806 3303 899 3368 colligi
919 3319 972 3353 uno
991 3304 1079 3367 eapite
1093 3303 1204 3367 placuit.

61 3412 111 3445 uon
131 3394 217 3443 solum
235 3401 385 3459 propterea,
403 3395 473 3458 quod
492 3394 546 3443 iam
566 3394 594 3442 in
613 3393 690 3443 libris
709 3392 898 3457 manuscriptis
924 3391 1005 3457 (eom.
1028 3389 1101 3442 162-
1118 3389 1198 3441 193:

62 3500 110 3533 oss.
131 3480 248 3550 29-66)
273 3482 418 3532 maximam
437 3489 542 3547 partem
567 3498 649 3531 unum
675 3498 770 3546 corpus
796 3481 930 3531 communi
953 3480 1060 3529 nomine
1083 3487 1203 3528 notatum

59 3573 188 3626 alliciunt.
208 3571 254 3621 sed
273 3572 355 3621 etiam
374 3572 441 3634 ideo,
461 3570 531 3636 quod
549 3572 676 3636 pleraque
696 3587 713 3621 a
731 3578 811 3635 poeta
824 3584 878 3619 nna
892 3569 990 3618 emissa
1002 3585 1060 3620 esee
1077 3569 1103 3617 in
1118 3568 1203 3618 lucem

58 3672 133 3712 certa
153 3666 260 3712 exstant
278 3661 402 3726 vestigia.
422 3660 571 3710 Historiam
591 3660 720 3710 tumultus
739 3659 899 3725 gedaneueie
921 3657 1136 3723 legationumque
1152 3658 1204 3707 Go-

56 3751 158 3800 ‹lannm
178 3765 208 3799 eo
228 3756 345 3814 tempore
365 3765 382 3799 a
400 3750 508 3800 Polonie
527 3750 670 3799 missarum
689 3749 813 3798 enarravi
832 3748 860 3798 in
874 3747 985 3813 polonae
999 3746 1204 3803 dissemationis,

59 3854 138 3905 quam
158 3839 228 3889 edidi
247 3841 288 3890 De
307 3839 365 3889 vita
383 3839 561 3905 operibusque
581 3838 683 3902 Royzii‚
709 3838 793 3902 partis
812 3837 915 3902 primae
941 3851 999 3900 cap.
1019 3835 1044 3885 3.
1077 3837 1163 3898 Quium
1181 3834 1204 3882 ei

54 3929 116 3994 quis
135 3928 271 3993 inspiciat,
290 3929 371 3979 facile
390 3928 542 3993 perspiciet,
563 3927 658 3992 quibua
678 3927 827 3976 rationibus
848 3926 944 3976 duotne
963 3931 990 3975 et
1008 3924 1126 3973 ordinem
1146 3939 1204 3974 ottr-

56 4019 159 4067 minum
177 4017 232 4066 iam
251 4034 302 4067 nno
322 4018 411 4082 eapite
432 4018 461 4067 in
481 4017 556 4065 libris
575 4016 673 4065 mettio.
700 4016 861 4065 traditorum
887 4015 937 4065 hae
963 4013 1028 4064 illae
1055 4011 1202 4077 paullulum

58 4106 264 4170 immutaverim,
288 4114 314 4156 et
333 4107 465 4172 quaedam
486 4106 546 4154 aliie
570 4105 697 4154 librorum
723 4111 859 4154 matorum.
886 4103 952 4154 loeis
979 4107 1117 4153 asservata
1142 4100 1204 4151 huie

56 4195 140 4260 capiti
160 4195 359 4246 immiscuerim.
392 4195 517 4245 Ceterum
543 4194 612 4243 unde
637 4208 756 4258 quaeque
784 4199 892 4256 sumpta
917 4192 984 4253 sint,
1010 4190 1110 4239 idoneis
1139 4190 1203 4240 loci„¹

60 4285 166 4334 aulneto.

168 4370 262 4424 'Erat
281 4373 420 4437 episeopus
439 4372 655 4422 vladislavionsis
682 4371 737 4420 niro
763 4370 927 4420 ouiuvieneis
955 4385 996 4418 aa.
1021 4366 1203 4420 tuat—1581.

168 4460 179 4489 ³
195 4464 359 4514 Referuntur
377 4462 445 4512 haee
464 4461 539 4512 adid
553 4478 576 4512 a.
592 4460 662 4513 1568
675 4466 787 4525 tempus,
800 4476 852 4524 quo
868 4458 1031 4509 Oameotins
1045 4457 1204 4521 quinquevir

59 4553 94 4603 ad
118 4568 161 4603 ree
186 4551 385 4603 Godaneneium
409 4551 575 4616 aliarumque
601 4550 725 4601 Prueeiae
752 4550 857 4600 urbium
877 4548 1073 4611 componendas
1099 4562 1114 4594 n
1141 4561 1203 4609 rege
