3016 5310
677 467 817 506 sanusne.
1278 458 1321 525 1'1

191 536 1320 565 Q:

735 1443 765 1506 2.

540 1638 598 1689 Ad
617 1640 816 1700 principem
836 1640 959 1690 virum

365 1740 684 1807 ANDREAM
719 1741 1131 1831 GOROENSEM,

680 1851 812 1915 comitem,

433 1937 544 1988 Maioris
563 1936 690 1990 Poloniee
709 1954 861 2006 supremum
881 1942 1047 2007 praefectum
1058 1940 1076 1993 ¹.

568 2081 742 2144 Historiae
765 2084 932 2146 Polouiae

646 2188 726 2239 Liber
743 2188 851 2253 primus.

523 2345 714 2402 Sarmatidcs
732 2346 812 2402 liber
829 2346 948 2417 primus
956 2347 975 2403 ¹.

286 2469 514 2537 Sauromatum
535 2473 639 2559 prima
661 2495 755 2559 reges
779 2472 819 2537 ab
843 2473 969 2560 origine
991 2473 1100 2539 dicam

286 2576 424 2644 Saecula
446 2578 489 2642 ad
511 2577 602 2664 haec,
625 2579 747 2644 addam
767 2589 930 2667 pugnatas
953 2580 1065 2645 ordine
1087 2603 1214 2666 pugnas

284 2684 327 2749 Et
349 2684 461 2749 multis
484 2684 563 2749 olim
586 2687 766 2751 crescentia
788 2709 890 2773 regna
912 2688 1061 2774 tropaeis.

372 2792 433 2877 Tu,
457 2793 511 2857 cui
534 2793 640 2879 prima
661 2792 830 2857 hominum
853 2804 885 2858 ct
907 2816 1017 2858 rerum
1040 2793 1176 2858 debetur
1198 2793 1298 2878 origo,

231 2916 253 2960 ⁵.
281 2898 357 2964 Une
377 2898 480 2985 Dens,
502 2921 600 2986 quem
621 2899 712 2963 nulla
734 2900 847 2986 latent,
873 2923 955 2987 quae
977 2900 1097 2964 viderit
1120 2899 1198 2964 oiim

283 3005 398 3070 Prisca
421 3016 509 3070 aetas
532 3006 645 3092 primis
669 3006 784 3070 mundi
807 3007 971 3072 nascentis
995 3006 1035 3071 ab
1060 3007 1163 3090 annis,

282 3112 456 3177 Dicentem
478 3134 555 3198 rege
578 3113 809 3200 promissisque
832 3113 974 3178 allabere
997 3114 1127 3200 coeptis.

282 3218 401 3305 Tuque
423 3218 513 3303 adeo,
538 3218 654 3286 Comes
677 3219 820 3305 Aminea,
844 3219 944 3285 decus
968 3219 1096 3284 aethere
1119 3219 1267 3306 dignum,

283 3325 425 3411 Andreae,
448 3324 599 3392 Gorcane
623 3327 747 3412 Comes,
772 3350 829 3392 eeu
851 3328 958 3414 patria
979 3327 1101 3391 laetum

208 3453 251 3496 10.
285 3432 395 3499 Gorca
417 3443 513 3518 tenet,
536 3433 611 3498 latis
636 3457 693 3499 eeu
716 3444 748 3499 te
771 3435 936 3499 Poznania
960 3434 1083 3520 campis

281 3539 375 3604 Iusta
397 3551 603 3606 exercentem
625 3541 772 3628 imperia,
796 3551 828 3606 et
850 3551 908 3605 tua
930 3540 1041 3605 mollia
1063 3541 1152 3603 iussa

282 3647 427 3733 Accipit:
452 3648 601 3734 aspidae,
624 3659 753 3713 nostrae
777 3671 861 3731 quae
884 3670 1001 3713 exorsa
1024 3646 1185 3712 Camenae

281 3913 291 3943 ¹
311 3913 481 3965 Castellanne
500 3913 690 3965 Poenaniensis
709 3921 737 3965 et
750 3914 860 3965 Maioris
873 3913 1000 3965 Poloniae
1014 3927 1152 3979 supremus
1165 3912 1318 3977 praefectus

180 4003 263 4055 aetus
283 4009 325 4054 oet
343 4019 367 4054 a.
387 4001 467 4068 1535,
486 4003 554 4055 obiit
572 4018 597 4054 a.
617 4001 693 4054 1551.
727 4005 757 4053 ln
777 4003 828 4054 fide
848 4001 1040 4054 conformanda
1063 4000 1139 4051 novis
1164 4001 1243 4051 rebus
1265 4009 1320 4050 stu·

179 4090 262 4144 debat.
283 4091 415 4144 Comitem
433 4091 502 4142 dicit
519 4107 579 4143 eum
597 4099 677 4158 poeta
699 4093 769 4143 sicut
791 4091 920 4143 Gornicki
939 4093 1028 4142 Lucas
1051 4089 1162 4154 „hrabia
1185 4087 1317 4140 nectar

179 4181 280 4246 (Dzieje
299 4198 323 4231 w
344 4181 401 4232 hor.
422 4180 519 4233 10811.
539 4181 637 4241 {Simois¹
659 4180 746 4246 1855).

284 4268 420 4337 ’Duplex
444 4270 539 4321 titulus
563 4270 683 4322 indicare
708 4270 815 4322 videtur
840 4270 939 4335 Royzio
965 4271 1048 4320 fuisse
1073 4268 1213 4319 consilinm
1238 4267 1320 4318 totius

182 4356 304 4411 historiae
322 4360 481 4410 Poionorum
500 4360 663 4410 carminibus
683 4360 858 4426 enarrandae,
875 4359 1102 4423 Sarmatidemque
1116 4356 1321 4422 fuisseprimam

184 4460 280 4510 partem
298 4448 442 4500 inchoatae
459 4448 532 4498 iliius
551 4448 687 4500 historiae.
707 4452 804 4500 Exstat
821 4449 872 4500 hoc
891 4450 1072 4515 fragmentum
1096 4447 1123 4495 in
1142 4445 1210 4496 libro
1230 4444 1321 4496 Corui·

185 4539 250 4588 censi
269 4555 313 4605 pg.
332 4535 486 4590 aaa-398.
510 4537 592 4588 Plura
610 4539 739 4603 Royzium
759 4538 897 4605 scripsisse
916 4554 970 4588 non
990 4545 1031 4589 est
1048 4535 1106 4587 veri
1125 4535 1218 4585 simile.

283 4633 397 4675 camina.
419 4634 445 4673 Τ.
458 4633 477 4674 1.
1198 4621 1215 4674 2
