3016 5310
578 472 788 508 cnrnrasrrcuoa.

218 672 270 739 Sis
294 670 389 736 annis
412 669 489 734 licet
512 679 544 734 et
568 669 657 733 senio
680 667 792 753 gravis
815 675 847 730 et
870 675 927 729 tua
949 665 1056 730 tardet

164 806 187 846 o.
220 779 369 845 Membra
392 800 520 862 aevum,
544 775 586 840 ad
610 797 719 839 sacras
742 772 852 838 nullus
875 782 907 837 te
930 773 1099 859 impigrior
1122 797 1207 838 aras:

218 886 341 973 Magna
363 884 448 949 feres
472 905 558 946 unus
580 881 657 946 fidei
681 889 844 945 momenta
866 879 1016 964 tuendae,

220 992 346 1059 Securi
369 999 519 1055 assuetus
542 998 689 1054 veterum
713 988 853 1072 vestigia
875 995 1014 1072 patrum,

218 1098 489 1183 Virneoviusquq
515 1118 590 1160 suos
614 1116 712 1160 canos
736 1093 913 1158 virtutibus
938 1115 1089 1179 aequans,

220 1202 408 1291 Paulusque
430 1201 493 1268 hoe
517 1203 644 1289 agitans
667 1210 733 1265 teto
756 1200 938 1264 Iamontius
962 1222 1064 1263 unum

163 1333 187 1375 r.
221 1313 364 1395 Pectore,
388 1332 429 1374 ne
452 1309 506 1396 pia
530 1331 625 1394 quam
650 1308 757 1393 capiat
781 1306 959 1391 Samogitia
981 1304 1100 1371 labem:

219 1456 264 1466 -
287 1413 427 1482 Addidit
448 1415 510 1481 hoe
534 1437 653 1478 munus
676 1412 806 1501 praesul
830 1413 1057 1477 Domanovius
1080 1413 1137 1497 illi,

222 1524 282 1588 Est
305 1524 359 1589 oui
383 1531 459 1587 nota
482 1522 548 1587 viri
570 1522 673 1607 pietas
696 1529 727 1584 et
751 1519 866 1584 vivida
889 1520 1003 1583 virtus.

311 1630 401 1694 Hine
423 1629 615 1694 Victorinus
639 1628 737 1716 cycni
760 1626 950 1691 Virbieius¹
974 1627 1084 1711 instar.

221 1738 334 1822 Roma,
355 1747 431 1801 tuas
456 1734 545 1800 dulei
569 1734 714 1800 cantabit
737 1734 881 1799 carmine
904 1732 1025 1798 laudes.

163 1868 188 1908 o.
222 1843 305 1908 Inde
327 1842 434 1907 bonus
458 1842 602 1907 numeris
624 1840 824 1928 pulchraque
847 1838 1037 1904 Machaonis
1061 1850 1130 1905 arte

222 1951 401 2015 Peteunius
415 1949 436 2034 ²,
458 1949 570 2013 Musas
594 1957 723 2013 certans
746 1969 899 2033 superare
923 1946 1070 2012 canendo

223 2057 266 2120 Et
288 2054 412 2143 plectro
435 2055 613 2139 Phoebum,
635 2053 724 2119 tollet
749 2075 846 2140 super
869 2053 1000 2118 aethera
1023 2076 1139 2119 nomen

220 2163 405 2228 Romanum
428 2162 607 2248 latiumque
630 2161 743 2226 Iovem
765 2170 894 2246 tuaque,
918 2159 1049 2246 Albula,
1072 2161 1157 2224 fana.

311 2270 386 2335 Urit
410 2270 565 2334 loannem
589 2277 779 2354 torquetque
801 2290 840 2332 ea
863 2289 942 2332 cura
965 2266 1126 2352 solarum,

163 2400 187 2442 s.
222 2377 314 2440 Dum
336 2374 437 2442 libros
461 2384 570 2441 versat
594 2397 703 2439 sacros
727 2384 889 2460 noctuque
912 2374 1033 2460 diuque
1044 2378 1064 2459 ³,

221 2481 320 2548 Unde
341 2481 502 2548 laboranti
526 2483 628 2569 possit
651 2503 842 2546 succurrere
865 2481 995 2546 Romae.

222 2588 389 2655 Grendius
412 2588 501 2654 hunc
524 2591 617 2653 iuxta
648 2588 866 2675 populumque
890 2589 1071 2674 formatque
1095 2587 1260 2675 docetque,

224 2694 378 2762 Sentibus
402 2705 567 2760 ostentans
591 2705 697 2784 styga,
720 2694 805 2759 laeta
828 2695 1011 2759 insontibus
1035 2707 1130 2759 astra.

311 2802 490 2888 Laudeque
514 2803 614 2889 digna
638 2825 697 2865 suu
720 2811 768 2866 est
792 2801 908 2865 altaria
932 2812 1009 2865 nota
1031 2803 1170 2866 tenentis

163 2932 188 2974 o.
223 2910 370 2974 Dextera
393 2909 526 2974 Cervini
537 2915 558 2993 ⁴,
581 2933 645 2974 nen
670 2908 855 2991 inficianda,
881 2908 1048 2972 fidelis.-

221 3014 430 3081 Mednieius5
452 3015 580 3103 praesul
605 3015 791 3081 contrahis
816 3016 1046 3080 comitantibus
1070 3017 1138 3080 ibit.

311 3122 458 3188 Antistes
482 3146 516 3188 se
540 3122 636 3187 addet
660 3146 725 3186 non
749 3122 844 3185 annis
868 3123 1012 3187 Pacius⁶
1035 3122 1159 3207 iisdem,

223 3229 268 3293 At
290 3230 410 3315 pietate
431 3238 542 3295 tamen
564 3231 657 3294 iuxta
682 3229 880 3317 spectandus
903 3230 1027 3314 eadem,

223 3334 309 3401 Ante
332 3358 435 3400 annos
459 3346 619 3419 maturus3
642 3338 738 3422 idem,
762 3337 848 3423 quod
872 3338 990 3423 cuique
1013 3338 1149 3423 piorum,

163 3465 187 3506 s.
222 3441 427 3528 Propositum
452 3453 509 3528 est,
533 3466 628 3508 omne
650 3445 684 3508 in
708 3445 802 3508 terris
826 3444 1004 3509 discrimen
1028 3443 1126 3523 adire,

226 3634 428 3700 ¹Wierzblcki,
446 3638 492 3703 qui
511 3645 571 3704 post
593 3654 617 3687 a.
639 3636 708 3689 1563
733 3637 873 3703 opiscopus
899 3637 1063 3703 samogiuao
1088 3646 1115 3688 et
1138 3638 1200 3689 iude
1226 3639 1261 3689 ab

163 3722 231 3777 1566
250 3725 389 3791 episeopus
408 3726 546 3778 luekensis
566 3727 625 3777 fuit.

221 3811 303 3877 ’Qui
321 3814 401 3881 vulgo
422 3814 594 3866 Piotkiewicz
612 3816 805 3882 (Pietkiewicz)
826 3817 932 3868 dieitur.
961 3817 1040 3867 Circa
1060 3832 1083 3866 a.
1106 3813 1173 3866 1566
1193 3816 1261 3881 epis·

164 3920 196 3955 us
216 3902 380 3968 Samogitiae
399 3905 489 3954 faetus
509 3906 560 3954 obi.
581 3921 605 3954 a.
627 3902 705 3956 1574.

225 3989 235 4020 ⁸
254 3994 349 4044 Horat.
368 3996 400 4044 A.
420 4011 445 4060 p.
465 4012 490 4045 v.
510 3994 563 4046 ‘268
582 4011 619 4060 aq.

222 4081 233 4110 ⁴
252 4082 328 4133 conf.
348 4082 462 4133 adeum
482 4084 574 4146 Royoii
592 4084 713 4134 earmina
732 4083 759 4132 iu
779 4085 830 4133 vol.
852 4086 878 4134 Π
898 4084 1042 4150 proposita.
1063 4085 1128 4132 Erat
1147 4089 1203 4130 tum
1216 4096 1262 4132 ca·

163 4173 227 4222 u'eus
247 4172 396 4223 vernioneis
416 4173 472 4223 sive
492 4173 647 4223 rnednicius.

223 4258 401 4311 ⁶Mednicius
421 4262 527 4326 praesul
547 4279 583 4311 se.
605 4262 793 4311 Domanovius.
821 4264 881 4312 lloc
901 4263 959 4312 loeo
980 4262 1114 4312 clauditur
1133 4260 1196 4309 ordo
1216 4275 1257 4308 sa-

163 4350 253 4399 detum
272 4350 443 4416 Samogitlae.

221 4434 234 4465 ⁸
252 4436 364 4489 Videtur
384 4454 441 4489 asae
460 4439 586 4489 Nicolaus
606 4440 668 4502 Pac,
687 4440 733 4505 qui
751 4455 775 4491 a.
797 4437 867 4492 1561
885 4440 1025 4506 episcopus
1043 4440 1192 4491 llioviensis
1206 4438 1257 4491 ele·

163 4543 175 4578 a
194 4542 213 4578 a
231 4525 282 4578 fide
302 4527 424 4577 Romana
442 4526 551 4578 defecit.
