3016 5310
628 455 705 489 PETRI
725 454 813 489 130?le

393 527 523 544 --‘-⁴..--.
535 536 557 543 -
572 524 751 542 .-m—:2
760 524 965 542 -2‘2‘5-222..-
1004 524 1310 542 .-——'='-'---—--'-—-

284 652 414 733 Dicere,
438 671 621 735 cognosces.
654 649 810 713 Veterum
834 670 910 712 nam
934 649 1061 734 pagina
1082 658 1198 712 vatum

284 758 396 823 Nescit
420 755 548 821 adulari
571 755 756 820 mulcereve
778 754 915 820 vocibus
939 776 1048 820 aures:

243 915 250 929 .
285 865 409 929 Verum
432 872 529 947 amat,
552 861 722 927 illecebras
746 860 918 926 verborum
942 882 1043 926 exosa
1065 870 1229 927 nocentes

285 971 421 1035 Discere
445 991 486 1034 ue
508 971 618 1056 pigeat
639 968 736 1054 leges,
761 967 880 1054 quibus
904 967 1017 1033 inclita
1039 969 1122 1032 vivit

285 1077 374 1143 Gens
397 1087 462 1140 tua.
494 1076 587 1156 Quae
609 1075 710 1139 dubio
734 1075 793 1139 tibi
816 1087 892 1139 sunt
915 1073 1056 1140 dicenda
1079 1086 1204 1160 senatu,

282 1185 382 1248 Disce
406 1183 503 1260 deuii,
526 1184 675 1268 Augusto
698 1182 768 1268 regi
792 1181 956 1246 consultor
980 1192 1016 1245 ut
1039 1181 1129 1246 adsis

284 1289 443 1377 Optimus,
468 1302 499 1355 et
522 1292 581 1354 fias
605 1289 741 1354 aliorum
765 1311 807 1353 ne
829 1288 954 1354 assecla
977 1310 1112 1375 semper,

225 1420 250 1461 ·.
285 1398 489 1484 Ignarusque
513 1398 569 1481 tui,
592 1395 678 1483 qued
702 1395 836 1482 protulit
857 1395 913 1460 ille
936 1395 987 1459 vel
1011 1395 1075 1479 ille,

282 1503 431 1569 Accedas
453 1514 541 1567 voto:
565 1514 675 1567 tuate
699 1503 858 1588 sapientia
882 1502 1017 1586 clarum,

282 1611 354 1675 Non
380 1610 486 1676 aliena
509 1611 574 1674 tuis
597 1609 710 1674 reddet
734 1631 911 1695 carumque
934 1608 1073 1674 Polenis.

284 1718 446 1781 Iustitiam
471 1717 540 1782 cole
564 1739 638 1781 cum
662 1717 784 1802 primis,
808 1739 867 1779 sua
891 1715 1026 1781 reddere
1050 1717 1169 1802 cuique

285 1824 378 1903 Quae
401 1823 499 1906 iubet,
523 1825 638 1887 insane
661 1846 725 1886 nen
750 1845 944 1910 quemquam
967 1822 1096 1888 laedere
1119 1823 1206 1888 ferre

242 1982 248 1995 .
284 1931 436 2018 Irataque
460 1953 558 1993 manu
583 1952 748 2016 prunaque
771 1931 805 1993 in
830 1929 967 1993 vulnera
990 1929 1115 1994 dextra.

285 2038 343 2101 Est
367 2047 416 2101 sat
439 2060 538 2123 epum
559 2037 629 2120 tibi,
653 2037 803 2119 Tamovi,
826 2059 908 2122 quas
931 2037 1017 2100 iusta
1039 2037 1171 2124 reliquit

283 2144 371 2209 Cura
393 2146 507 2231 patris3
531 2144 598 2208 vici
621 2153 696 2207 sunt
720 2143 813 2207 multi
836 2155 933 2229 atque
955 2142 1075 2230 oppida
1098 2144 1210 2230 multa,

283 2250 367 2316 Sunt
391 2274 522 2316 nemora
544 2264 576 2316 et
600 2250 709 2333 silvae,
734 2260 808 2314 sunt
831 2250 1027 2315 umbriferae
1051 2251 1227 2317 convalles.

284 2358 343 2421 Est
367 2368 416 2421 sat
439 2359 522 2444 agri:
546 2357 658 2421 iubeas
681 2357 788 2420 aliena
810 2357 943 2444 praedia
967 2357 1062 2442 gleba

242 2514 250 2527 .
285 2464 335 2530 Ne
359 2476 506 2530 crescant
529 2474 595 2549 tua,
618 2465 746 2528 vicinus
770 2465 840 2529 sine
863 2465 976 2550 iugera
999 2486 1122 2550 pauper

283 2572 393 2635 Pauca
417 2572 501 2636 colat
525 2593 597 2652 sua3
622 2595 662 2635 ne
685 2571 813 2636 modico
836 2571 981 2636 deiectus
1004 2571 1109 2657 agello

282 2678 385 2762 Illius,
408 2689 456 2742 est
483 2679 588 2741 omnis
612 2687 669 2741 tua
693 2700 742 2742 res
767 2679 820 2743 cui
843 2678 955 2742 villica
978 2699 1084 2761 curae,

285 2784 415 2849 Fraude
438 2796 547 2870 gemat
563 2785 752 2871 Divumque
778 2785 909 2849 ultrices
928 2794 1058 2871 expetat
1081 2784 1156 2869 iras,

285 2891 444 2977 Quodque
467 2902 543 2955 tuus
567 2891 731 2976 quondam
754 2892 903 2977 peccavit
925 2891 1065 2976 villicus,
1088 2890 1171 2955 illud

242 3048 249 3062 .
284 2999 365 3062 Esse
388 3009 480 3061 tuum
504 2999 606 3063 facias
630 2999 762 3063 crimen.
792 2998 877 3062 Nam
900 2999 1039 3063 crimina
1061 2999 1214 3086 princeps

285 3104 377 3184 Quiae
400 3127 465 3168 non
489 3105 636 3190 castigat,
660 3105 720 3168 luit
743 3115 779 3168 ut
803 3127 862 3168 sua
885 3105 1023 3170 crimina
1045 3105 1221 3192 quendam.

283 3211 386 3275 Parce
410 3211 491 3295 aliis,
515 3234 682 3298 nunquam
705 3211 833 3277 delictis
858 3233 955 3297 parce
978 3221 1116 3277 tuorum.

286 3318 384 3384 Serus
408 3319 559 3383 amicitiis
583 3341 624 3383 ne
648 3320 692 3382 sis
716 3320 866 3405 segnisve
890 3318 1047 3401 colendis;

286 3426 328 3488 Et
352 3425 406 3510 qui
431 3447 526 3489 curus
550 3436 618 3490 erat
640 3427 733 3512 patri,
758 3427 945 3490 carissimus
968 3425 1023 3490 ille

244 3582 251 3594 .
287 3531 335 3596 Sit
357 3531 426 3594 tibi.
459 3532 540 3595 Prae
564 3554 640 3596 vero
663 3532 792 3618 fidoque
815 3532 945 3619 putabis
969 3534 1074 3598 emico

285 3639 467 3724 Argentum
490 3638 555 3703 vile
579 3649 674 3724 atque
698 3662 814 3703 cirrum
837 3663 1046 3727 gemmasque
1068 3641 1237 3706 micantes.

285 3752 421 3831 Quoque
444 3745 497 3809 die
521 3746 630 3808 nullus
653 3745 712 3810 tibi
735 3748 776 3810 sit
800 3748 965 3833 quaesitus
988 3749 1121 3833 amicus,

286 3853 384 3916 Hunc
407 3852 539 3916 fluxisse
563 3852 647 3917 diem
673 3853 794 3917 frustra
817 3864 848 3918 et
871 3856 1005 3941 periisse
1028 3864 1140 3942 putato
1151 3859 1171 3919 ¹.

374 3959 437 4025 Sed
461 3960 538 4037 quid
563 3982 623 4045 ego
646 3971 730 4044 tuus,
754 3983 773 4024 0
797 3961 948 4045 Turnum,
971 3962 1112 4048 plurima
1135 3964 1252 4028 vates?

181 4088 249 4131 rao.
284 4068 339 4130 Ad
362 4078 394 4131 te
418 4089 522 4152 pauca
546 4067 633 4153 loqui
659 4068 736 4130 satis
760 4079 816 4153 est,
841 4079 931 4155 patre
956 4079 1074 4133 cuncta
1096 4071 1257 4156 magistro

285 4175 350 4253 Qui
375 4173 517 4237 didicisti
542 4174 628 4259 elim,
651 4198 734 4261 quae
756 4187 788 4239 te
812 4175 966 4240 didicisse
989 4197 1121 4240 necesse
1145 4186 1202 4241 cst.

286 4282 361 4346 Sive
384 4282 493 4345 Deum
517 4284 720 4369 patriumque
744 4283 841 4367 colas,
866 4307 921 4347 seu
947 4284 1062 4347 martie
1087 4306 1198 4348 sumus

288 4513 296 4541 ¹
316 4516 423 4566 Sueten.
442 4515 494 4564 Tit.
515 4513 539 4566 8.
