2948 5302
307 452 371 515 160
778 463 964 498 emmona

355 538 393 544 .--
414 536 617 543 ---..-...-

378 547 642 557 .----—--—-—-.---
651 548 678 553 —
693 547 749 553 -—

305 662 393 725 dium
416 682 516 725 meum
539 668 566 724 et
590 659 671 723 hone
686 659 931 745 qualemqualem
952 679 974 721 a
995 678 1043 721 me
1057 665 1206 721 novatam
1229 678 1362 742 operam,
1375 681 1431 723 curn

305 768 527 853 reprehendere
548 767 685 843 fortasse
707 787 771 830 non
793 767 922 850 possint.
945 785 1069 828 carmen
1092 766 1127 827 in
1149 766 1277 849 eulpam
1299 772 1432 828 oooentet

307 872 469 959 comploro
492 895 567 938 euos
589 895 682 938 auree
704 873 833 958 implere
855 878 974 956 repent,
997 877 1032 935 ut
1054 878 1146 935 notus
1166 872 1219 935 itte
1228 872 1437 958 proverbioque

307 980 476 1045 celebratus
499 980 631 1044 Momue.
671 979 734 1059 Qui
763 999 832 1042 cum
854 978 1027 1043 Prooeitelis
1056 977 1202 1042 Venerem
1232 999 1360 1063 eor-pere
1385 1000 1435 1040 non

306 1095 417 1173 posset,
440 1088 621 1152 spridelium
644 1088 771 1170 carpsit.
810 1083 872 1149 Sed
903 1085 967 1168 tos,
996 1086 1089 1149 simoi
1118 1106 1219 1170 spero,
1250 1107 1291 1149 ne
1319 1086 1436 1149 camini

310 1196 457 1259 ieesnltent
479 1214 552 1273 meo,
577 1196 750 1257 auctoritas
773 1200 828 1255 tuo
851 1192 1006 1272 cohibebit,
1036 1214 1099 1255 non
1120 1213 1266 1275 aunone,
1298 1213 1373 1277 oreae
1392 1190 1438 1254 titi

305 1301 439 1385 probari
461 1301 666 1383 eopnooerint,
690 1298 875 1383 improbare.
909 1297 975 1361 Tuo
998 1301 1102 1384 itaque
1122 1300 1157 1362 in
1181 1302 1317 1380 nomine,
1333 1301 1361 1362 si
1373 1299 1437 1361 lecte

309 1407 441 1491 dippum
464 1427 573 1487 censes,
599 1407 633 1468 in
656 1406 753 1469 lucem
775 1427 899 1469 carmen
923 1405 979 1468 hoe
1000 1426 1101 1469 meum
1123 1407 1238 1487 emitte·
1263 1407 1315 1469 ein
1338 1407 1438 1481 minse,

310 1515 345 1576 in
368 1513 500 1577 tenebris
521 1515 588 1577 sine
610 1513 770 1577 deliteseat
793 1519 822 1576 et
844 1513 921 1576 vele.

419 1727 482 1789 Ad.
514 1725 550 1790 V.
574 1726 624 1790 Id.
649 1726 754 1810 April.
785 1725 888 1790 Vilno.
920 1727 1014 1789 Anno
1039 1731 1110 1810 post
1135 1724 1297 1789 Christum
1318 1730 1432 1788 meato

311 1855 376 1897 rem
400 1840 508 1896 notum
532 1835 659 1917 septimo
683 1840 712 1897 et
727 1834 981 1918 quinquepesimo
996 1853 1096 1916 supro
1110 1832 1309 1895 millesimum
1325 1838 1352 1894 et
1365 1831 1437 1915 qoin-

310 1942 520 2023 peotesimum.

864 2385 904 2435 Ad

552 2507 838 2576 ALOYSIUM
870 2506 1215 2593 LIPOMANUM‚

316 2644 509 2695 Veronensium
527 2645 689 2710 episcopum,
708 2644 786 2695 Pauli
806 2646 868 2694 1111.
887 2643 1024 2695 Pontificio
1042 2642 1151 2695 maximi
1163 2643 1192 2693 in
1205 2641 1317 2695 Pelori}
1328 2642 1438 2707 ligneum.

697 2821 1078 2883 CHILIASTICHON.

426 3009 544 3075 Sanete
568 3032 676 3094 senex,
700 3020 788 3073 aetas
812 3032 876 3095 quo
898 3019 1009 3073 nostra
1031 3008 1194 3095 prioribus
1216 3012 1311 3075 annis

427 3117 468 3181 Se
491 3126 650 3203 exaequet
672 3117 854 3202 priscisque
877 3126 1047 3181 atavorum
1067 3113 1158 3179 houd
1179 3115 1305 3181 invidet
1328 3117 1396 3197 aris,

426 3223 570 3308 Adrion,
593 3224 780 3309 Lipomene‚
804 3224 904 3307 siner,
927 3244 1030 3309 genus
1054 3220 1173 3308 unde1,
1196 3221 1359 3302 Quiritum

426 3331 565 3417 Insuper
588 3329 768 3393 immortale
792 3328 901 3415 decue,
924 3340 956 3395 te
979 3329 1098 3416 sospite
1120 3351 1261 3415 quorum

368 3459 393 3500 o.
427 3437 538 3522 Usque
560 3436 683 3522 vigebit
705 3436 806 3500 honos
830 3445 927 3522 atque
949 3435 1024 3500 ullis
1048 3436 1159 3501 neseis
1182 3434 1300 3501 seselis

429 3545 530 3606 Fama
552 3544 643 3626 mori,
667 3566 732 3606 non
755 3553 893 3607 venturo
917 3541 1063 3607 delebilis
1086 3544 1180 3607 sevo!

428 3650 565 3733 Venisti,
588 3674 607 3712 o
631 3649 720 3733 felix,
743 3651 827 3713 votis
850 3660 978 3736 optatus
1002 3648 1044 3713 ad
1067 3671 1140 3714 oras

429 3760 655 3820 sauromatum
680 3767 865 3842 septemque
889 3757 1055 3821 horrentes
1078 3778 1182 3840 usque
1204 3757 1334 3839 triones,

429 3866 487 3928 Est
511 3865 566 3927 ubi
591 3886 655 3926 non
679 3874 793 3948 nestor,
816 3886 881 3927 non
904 3885 971 3946 ver,
996 3862 1051 3926 ubi
1075 3862 1180 3928 Sirius
1204 3862 1301 3949 alget,

350 3994 394 4032 ιιι.
425 3971 497 4033 Non
522 3981 578 4034 out
602 3970 744 4053 delicias,
768 3992 833 4033 non
857 3979 912 4032 aut
935 3969 1050 4033 solatia
1073 3991 1240 4055 quaerens,
1264 4009 1307 4018 —

430 4077 558 4162 Quippe
581 4077 699 4161 quibus
723 4076 827 4160 tollor,
850 4075 991 4161 gelidam
1015 4075 1150 4141 declivis
1174 4076 1217 4140 ad
1240 4080 1380 4158 areton²5

433 4185 588 4268 Perpetuo
612 4196 699 4247 caint
726 4196 797 4246 nnn
820 4183 904 4267 gelu,
929 4185 1003 4245 nive
1027 4206 1109 4268 quoe
1133 4182 1250 4248 obruta
1273 4183 1367 4248 densa

433 4432 441 4459 ¹
461 4431 518 4482 scil.
541 4432 606 4495 „tibi
626 4435 690 4481 est.“

432 4519 521 4572 ρδοίἰ.
543 4520 645 4571 deliciis
665 4521 827 4586 solatiisque.
