3016 5310
175 449 250 513 -168
659 465 736 501 ssim
756 466 845 500 ²0¹2st

291 659 390 724 Ferre
413 681 531 725 aevum
552 658 618 725 late
641 659 748 725 dulcis
771 661 945 747 praeconia
967 660 1083 747 famae,

291 764 386 830 Illico
408 765 553 831 delubris
577 765 723 852 aderunt,
746 805 790 814 —-
811 790 903 832 mora
926 767 1025 852 nulls,
1047 807 1092 816 -
1114 768 1256 834 tuendis

380 872 526 938 Preslavi
538 877 559 959 ¹,
581 873 736 959 studium,
759 873 903 938 studium
925 885 958 939 te
980 874 1113 940 distinet
1136 877 1261 962 ingens,

187 1000 256 1043 aas.
290 978 432 1062 Vithini3
455 989 487 1043 te
510 978 653 1045 Slomovi
675 989 771 1067 teque
793 980 859 1066 illa,
882 982 991 1066 Kiovi,

292 1084 380 1150 Oura
402 1087 527 1172 premit.
551 1085 725 1173 Secignovi
747 1087 911 1172 Tatioque
920 1097 939 1174 ²,
961 1089 1107 1175 priorum

291 1191 501 1259 Immemores
524 1216 692 1282 nunquam
713 1205 852 1281 patrum,
875 1206 907 1260 et
930 1195 1111 1262 Gorsbokia
1133 1195 1250 1283 proles,

293 1296 387 1378 Quae
408 1310 517 1365 vestra
539 1311 588 1365 est
610 1302 722 1388 pietas,
745 1301 859 1387 procul
882 1303 1001 1389 impius
1024 1301 1152 1368 exsulet
1175 1324 1271 1368 error.

291 1404 473 1492 Sospitibus
496 1406 615 1494 quibus
637 1407 726 1472 haud
749 1408 844 1473 Latio
866 1408 989 1474 fiducia
1011 1408 1113 1475 cedet.

188 1529 257 1573 sse.
383 1512 512 1600 Ecquid
535 1514 668 1579 Ioannis
690 1515 883 1581 Benedicti³
906 1516 940 1579 in
964 1516 1111 1581 carmine
1132 1526 1296 1603 promptas

292 1618 439 1684 Pieridas
462 1621 570 1686 dicam
593 1621 793 1709 vigilataque
815 1633 961 1709 tempora
983 1623 1091 1687 vitae?

291 1725 429 1811 Phoebe,
452 1728 657 1793 inventorum
680 1730 850 1816 experiens
875 1738 909 1793 ut
932 1740 964 1794 et
986 1728 1043 1794 ille
1064 1739 1196 1793 tuorum
1218 1727 1283 1815 esti!

293 1832 401 1918 thue
424 1845 536 1920 potens
559 1835 635 1900 fatis
658 1858 757 1922 prope
780 1836 909 1901 functos
931 1834 1067 1901 reddere
1090 1835 1191 1901 vitae!

293 1937 355 2004 Oui
377 1962 443 2004 non
466 1952 540 2007 aute
564 1941 647 2006 ullos
671 1942 768 2007 fuerit
791 1943 910 2029 pietate
933 1941 1095 2007 ferendus.

190 2064 260 2108 sss.
383 2047 434 2112 'l'u
458 2048 537 2134 quid
560 2048 709 2138 amyclei‚
733 2050 836 2114 Lanci
847 2054 868 2134 ⁴,
892 2049 1035 2114 studiose
1057 2048 1233 2137 Lycurgi?

293 2152 520 2219 iurisconsulti
541 2157 645 2242 pietas
668 2156 747 2242 quid
771 2165 847 2220 nota
870 2155 1057 2221 Krokeri?⁶

294 2258 422 2338 Quidve
446 2261 675 2349 sigismundus
700 2263 816 2328 studiis
840 2263 998 2329 Stezicius
1021 2261 1138 2327 iisdem

293 2366 451 2453 Imbutus‚
477 2391 573 2452 quem
597 2393 662 2434 non
686 2369 860 2434 clamorem
883 2369 924 2434 ad
948 2369 1055 2434 sidera
1078 2368 1178 2453 tollet,

294 2474 424 2539 Acriter
446 2477 610 2541 insectans
634 2476 740 2541 clusos
764 2477 915 2562 dogmate
937 2476 1041 2540 falso?

189 2597 260 2642 240.
295 2580 363 2643 Vos
387 2583 475 2666 quid,
500 2581 678 2648 Strambosi
702 2583 961 2670 Turobineque⁶‚
988 2582 1103 2647 doctus
1127 2593 1264 2669 uterque

295 2827 452 2890 ¹Andreas‚
471 2832 498 2880 ni
518 2831 606 2892 fallor,
632 2828 819 2893 Praesiawski
844 2846 923 2895 quem
952 2830 1082 2896 singulari
1107 2829 1228 2880 carmine
1241 2827 1324 2895 (Cam.

189 2914 242 2968 154
256 2940 280 2960 =
295 2919 353 2967 Oss.
374 2918 418 2985 18)
436 2921 509 2970 infra
527 2921 578 2970 vol.
608 2922 634 2970 II
659 2920 829 2985 proponendo
854 2920 1002 2971 celebravit
1021 2920 1145 2983 Royaiua.
1183 2918 1325 2980 Vithinins‚

189 3005 347 3067 Slomovius‚
367 3008 479 3059 Kierius
498 3009 553 3074 (Kij
574 3010 665 3060 Simon
680 3033 702 3052 =
723 3009 831 3074 Scipio?
850 3008 931 3058 Liber
943 3008 988 3057 dil.
1002 3006 1055 3060 425
1068 3009 1127 3073 sq),
1147 3009 1326 3075 Sscignorius,

190 3095 350 3159 sacerdotes,
370 3097 478 3148 aliunde
496 3098 562 3148 mihi
581 3115 634 3150 uon
653 3099 834 3148 innotuerunt.

295 3183 305 3212 ¹
325 3184 434 3251 Paulus,
454 3195 510 3238 tum
535 3187 652 3239 decanus
678 3187 876 3252 premislisnsis,
902 3203 927 3239 a.
947 3185 1016 3239 1561
1035 3186 1254 3254 archiepiscopus
1278 3187 1328 3238 leo

188 3273 323 3338 politanus
343 3277 431 3327 factus
450 3277 502 3327 obi.
522 3293 546 3328 a.
567 3275 645 3329 1565.

292 3360 387 3414 ⁸clari
406 3382 436 3416 eo
456 3375 574 3432 tempore
594 3368 620 3416 iu
640 3366 750 3417 Polonia
768 3366 874 3431 medici,
900 3382 922 3418 c.
949 3382 974 3418 a.
1000 3363 1070 3417 1530
1089 3366 1247 3432 professoris
1273 3381 1327 3416 uca-

187 3449 292 3503 demiae
310 3456 498 3519 cracoviensis,
522 3455 608 3506 doctis
627 3456 659 3507 de
679 3464 738 3507 arte
757 3456 860 3507 medica
880 3457 1004 3521 operibus
1030 3455 1247 3521 carminibusque
1267 3455 1328 3516 uoti,

186 3540 232 3604 qui
251 3550 344 3607 postea
361 3543 481 3595 clericali
500 3547 572 3597 vitae
597 3561 625 3596 ss
650 3545 755 3597 addixit
779 3554 807 3596 at
830 3561 861 3596 eo
887 3552 1013 3610 tempore,
1041 3560 1093 3610 quo
1121 3545 1238 3608 Royains
1265 3543 1328 3594 haee

188 3630 304 3695 scripsit,
323 3632 377 3682 iam
396 3633 430 3683 ad
449 3650 565 3684 summos
585 3634 715 3685 ecclesias
733 3634 847 3686 honores
866 3633 1038 3685 ascendebat.

295 3718 306 3748 ⁴
325 3722 412 3788 Lacki
426 3723 552 3784 Mathias,
572 3723 689 3775 decanus
702 3723 856 3790 luvinensis,
881 3722 1057 3789 complurium
1070 3720 1328 3788 archiepiscoporum

186 3809 375 3876 cancellarius,
394 3812 578 3864 universitatis
598 3829 701 3864 cracov.
722 3820 818 3876 rector,
838 3814 890 3863 obi.
910 3829 934 3864 a.
955 3810 1034 3864 1557.
1059 3810 1180 3861 Mathiae
1199 3811 1287 3877 hacki
1305 3816 1328 3860 st

189 3913 259 3961 quae
278 3906 424 3963 sequuntur
442 3918 525 3965 usque
545 3903 579 3951 ad
597 3918 622 3950 v.
643 3901 696 3954 285
714 3903 894 3966 professorum
913 3901 1067 3951 academiae
1086 3914 1193 3950 cracov.
1214 3900 1328 3957 nomina,

189 3987 317 4051 pleraque
336 3997 479 4040 occurrunt
498 3990 526 4040 in
545 3991 626 4040 Libro
646 3991 848 4057 diligentiorum
865 3989 986 4055 (Cruces.
1007 3987 1076 4041 1886
1095 3988 1185 4055 odito),
1206 3988 1241 4039 ad
1254 4003 1329 4053 quem

188 4077 307 4127 curiosos
326 4078 423 4144 relego.

296 4164 387 4219 ‘Sine
407 4168 488 4219 dubio
507 4168 596 4219 clarus
618 4168 773 4220 academiae
796 4167 976 4219 cracoviensis
1002 4167 1135 4232 professor
1159 4173 1242 4232 atque
1268 4166 1329 4217 iuris

190 4257 336 4317 consultus,
361 4258 437 4308 cuius
455 4258 616 4309 mentionem
636 4258 704 4308 facit
722 4258 898 4309 Sebastianus
923 4257 1056 4308 Patricius
1081 4256 1110 4304 iu
1129 4255 1254 4306 versione
1274 4254 1329 4305 Ari·

189 4346 295 4396 atotslis
314 4346 493 4399 Politicorum.

296 4432 307 4463 ⁸
318 4436 430 4486 Ioannes
438 4434 875 4502 Turobiriski,iurisperitianotus,
883 4434 1038 4487 academiae
1045 4433 1226 4486 cracoviensis
1234 4435 1331 4501 proies·

187 4540 233 4575 sor
240 4531 267 4575 et
274 4525 456 4591 rector50bi.a.
466 4523 544 4577 1575.
558 4526 624 4576 Cum
634 4526 733 4591 Royaio
740 4525 876 4576 amicitiae
883 4523 996 4575 vinculis
1003 4524 1111 4574 iunctus
1118 4523 1203 4574 fuisse
1210 4522 1280 4574 tradi
1285 4530 1331 4572 tur.
