3016 5310
671 452 844 488 nsanscsn.

183 521 1015 545 m

734 841 778 911 19.

640 1024 873 1085 CARMEN

376 1144 419 1210 ad
447 1143 811 1211 SIGISMUNDUM
838 1142 1134 1229 AUGUSTUM,

698 1286 788 1337 regem
797 1268 814 1321 ¹.

294 1395 417 1482 Accipe
440 1395 600 1460 Dantisco
623 1393 762 1481 scriptas
784 1403 817 1458 te
839 1394 987 1482 principe
1009 1394 1107 1481 leges,

294 1501 364 1566 Rex
388 1503 546 1587 Auguste,
567 1511 689 1588 tuoque
712 1499 825 1565 rolens
847 1500 908 1564 has
930 1501 1064 1566 numine
1087 1501 1190 1567 firma

292 1609 387 1696 Ipsae
410 1609 526 1695 ingens
549 1609 650 1672 maris
673 1608 845 1695 imperium
867 1617 1043 1696 portusque
1065 1619 1241 1696 receptum7

293 1715 428 1803 Sceptra
451 1715 570 1803 quibus
593 1738 708 1802 regum
731 1715 895 1803 quondam
919 1715 1056 1802 spoliata
1079 1717 1224 1803 priorum

229 1846 258 1888 a.
291 1821 493 1888 Exciderant
503 1823 525 1908 ²,
547 1821 609 1887 tibi
630 1824 806 1888 restituunt
829 1844 992 1910 regnoque
1015 1822 1144 1909 polon03

292 1930 553 2017 Dantiscumqne
573 1931 690 2017 ipsam,
713 1951 796 2017 quae
818 1929 923 1994 fidens
942 1928 1116 1994 moenibus
1139 1929 1214 1994 altis

292 2036 494 2123 Divitiisque
516 2038 695 2124 iugumque
718 2048 810 2102 tuum
834 2046 866 2102 et
888 2046 946 2101 tua
967 2035 1079 2101 mollia
1101 2036 1234 2102 demens

293 2143 435 2230 Imperia
458 2142 547 2208 haud
570 2145 697 2230 patiens
721 2145 859 2232 sumptis
882 2155 1071 2209 excusserat
1094 2144 1195 2208 armis

293 2249 447 2337 Urbeque
470 2250 587 2336 legatis
611 2251 731 2335 clausa,
751 2262 812 2316 tua
835 2273 929 2316 sacra
951 2249 1099 2316 ferebant

211 2379 258 2421 «o.
290 2356 356 2435 Qui
380 2378 484 2444 nuper
507 2357 670 2442 mandata,
693 2359 788 2444 gravi
812 2358 960 2423 discussa
984 2367 1115 2423 senatus

292 2463 429 2549 Iudicio,
452 2464 541 2529 haud
565 2475 684 2529 temere
707 2464 857 2530 subitove
880 2466 1000 2530 ernissa
1023 2464 1138 2530 calore.

293 2569 460 2657 Sanguine
482 2594 564 2658 quos
587 2571 661 2635 fuso
683 2582 716 2636 et
738 2572 916 2637 multorum
939 2572 1039 2639 caede
1061 2571 1181 2637 licebat

292 2677 335 2740 Et
359 2677 469 2743 decuit
492 2679 617 2766 punire,
640 2701 803 2765 manuque
827 2679 1001 2746 excindere
1025 2689 1145 2745 sontes:

293 2784 431 2869 Hoetu,
454 2807 514 2850 rex
538 2785 689 2869 clemens,
713 2786 807 2849 cuiue
831 2786 1003 2852 clementia
1026 2787 1151 2853 caelum

208 2911 257 2955 re.
290 2890 538 2978 Caelituumque
561 2891 673 2956 domos
697 2902 836 2978 superat,
861 2893 994 2958 meliora
1018 2903 1148 2959 secutus

292 2996 445 3084 Consilia,
468 2996 558 3062 haud
581 3020 757 3086 properans
780 3021 841 3064 nec
865 3023 964 3066 saeva
987 3001 1130 3087 percitus
1155 3002 1213 3086 ira,

292 3104 425 3190 Legatis
449 3106 567 3170 iterum
590 3105 708 3190 missis,
730 3106 904 3193 prudentia
927 3131 1065 3194 quorum

292 3209 377 3274 Nota
400 3211 460 3277 tibi
484 3210 610 3298 pridem
634 3213 691 3277 sed
714 3235 803 3277 nunc
826 3213 991 3299 illustrior,
1015 3215 1118 3301 ipsam

292 3317 415 3382 Urbem
439 3319 546 3404 etiam,
570 3342 653 3407 quae
676 3342 733 3407 pro
758 3320 889 3385 domina
913 3343 947 3386 sc
970 3323 1086 3386 insana
1109 3322 1251 3408 gerebat,

204 3444 256 3486 ao.
289 3422 425 3510 Sceptra
448 3426 612 3490 retraxisti
637 3436 747 3513 supter
771 3437 827 3490 tua
850 3427 944 3512 iusta,
968 3438 1124 3516 tuumque

290 3529 412 3616 Regale
435 3532 617 3620 imperium,
640 3542 672 3596 et
695 3532 841 3597 fundasti
865 3533 993 3619 legibus
1018 3536 1137 3621 aequis,

379 3636 441 3702 Illa
465 3636 605 3727 superba
628 3638 685 3703 diu
709 3639 888 3727 cristasque
911 3638 1055 3705 attollere
1079 3641 1168 3706 caclo

184 3809 390 3817 *—

292 3887 299 3917 ¹
320 3886 398 3936 Corn
420 3885 472 3938 183
490 3904 528 3953 sq.
548 3910 572 3929 =
596 3903 646 3937 oss.
666 3884 702 3939 54
720 3904 758 3953 sq.
792 3889 850 3938 Hoc
876 3903 985 3939 carmen
1011 3890 1126 3938 refertur
1152 3891 1187 3940 ad
1206 3906 1229 3940 a.
1251 3889 1327 3954 1570,

179 3991 234 4040 quo
254 3974 423 4026 condiciones
440 3976 526 4041 pacis,
546 3977 633 4027 altera
651 3975 787 4042 legatione
806 3977 921 4027 Lublino
941 3993 958 4027 a
973 3992 1036 4044 rego
1047 3977 1140 4035 missa
1159 3993 1176 4027 a
1188 3979 1329 4030 Gatianen-

181 4063 256 4113 aibus
285 4069 414 4128 acceptae
444 4064 474 4115 iu
503 4064 618 4116 comitiis
647 4066 865 4116 vmeariensibus
891 4066 1081 4131 comprobatae
1107 4072 1178 4130 sunt,
1205 4083 1328 4133 novaque

181 4151 282 4218 legatio
309 4152 342 4202 ad
368 4168 400 4203 ea
423 4154 593 4219 exsequenda
618 4155 726 4205 tertium
745 4155 885 4206 Gedunum
909 4161 950 4205 ost
972 4155 1061 4204 missa.
1095 4155 1169 4206 Cani.
1191 4155 1327 4221 Gdrniclri,

183 4241 277 4304 Daieje
295 4257 319 4290 w
338 4242 400 4292 Kor.
421 4242 511 4293 Sanok
531 4241 609 4305 1855,
628 4261 672 4309 pg.
693 4242 744 4295 132
764 4260 802 4308 sq.

290 4327 301 4357 ⁹
319 4331 475 4381 Subiectum
496 4338 537 4383 est
557 4336 705 4397 „sceptra“.
731 4334 843 4397 Sceptra
861 4349 881 4382 r.
901 4348 940 4397 pr.
968 4333 1085 4397 spoliata
1104 4333 1257 4384 exciderant
1277 4334 1326 4384 im·

181 4418 262 4484 pariis
281 4418 397 4487 (quibus)
420 4420 503 4471 maris
527 4429 678 4487 portusque.
712 4422 846 4485 „Quibus“
874 4421 957 4473 ablat.
984 4423 1183 4487 ponderataque
1209 4438 1226 4472 a
1245 4425 1326 4474 verbo

177 4507 315 4574 spoliandi
334 4516 416 4575 atqua
435 4526 452 4561 a
472 4511 555 4561 verbo
571 4511 721 4563 excidendi.
