3016 5310
696 1483 790 1542 v111.

535 1670 964 1775 INVECTIVA.

724 2064 776 2127 25.

375 2259 614 2334 CARMEN
643 2257 1116 2333 TUMULTUARIUM

511 2469 638 2517 adversus
658 2467 821 2532 astrologum
841 2467 981 2530 quendam,

315 2593 353 2656 in
390 2593 509 2656 vitam
546 2592 621 2656 viri
657 2592 745 2655 Dei.
792 2590 867 2657 SA
892 2591 926 2654 M
950 2591 981 2654 U
1005 2591 1033 2653 Ε
1057 2590 1085 2653 L
1108 2590 1124 2653 I
1149 2589 1184 2673 S,

474 2719 691 2768 I'racovicnsiam
711 2718 837 2782 episcopi,
857 2718 996 2768 mentitum
1008 2717 1023 2765 ¹.

452 2970 481 3017 la
508 2978 620 3017 stemma
645 2967 812 3033 gentilicium
839 2971 863 3015 S.
890 2966 1049 3016 Ilacieiovii.

287 3159 322 3225 Si
347 3181 447 3223 cornu
472 3169 559 3247 petat
583 3158 774 3246 etpedibus
799 3159 825 3220 si
850 3167 982 3244 spargat
1005 3179 1146 3242 arenam,

340 3266 444 3346 Quem
468 3266 570 3350 laesit,
593 3266 700 3329 lamas
725 3267 839 3330 sentiet
863 3264 1073 3350 astrologus'.
1149 3326 1152 3330 ,

291 3706 406 3756 ¹Editio
429 3705 507 3755 huius
533 3707 668 3766 carminis,
694 3705 769 3754 carias
795 3712 896 3753 textma
922 3704 955 3752 ad
981 3702 1117 3765 exemplar
1141 3700 1322 3751 bibliothecae

180 3797 329 3846 ossolineae
348 3795 393 3846 hie
412 3806 510 3860 repeto.
530 3804 603 3845 caret
623 3796 674 3845 loci
695 3803 720 3843 ct
740 3795 802 3843 anni
823 3800 893 3842 nota.
923 3793 1036 3842 Carmen
1053 3791 1153 3840 editum
1172 3806 1229 3839 osse
1249 3789 1323 3839 eirea

181 3899 204 3934 a.
226 3883 296 3936 1547
316 3885 378 3934 inde
397 3885 518 3949 colligas.
545 3885 613 3948 qood
634 3884 740 3933 Sarrano!
762 3882 952 3946 Maciejowaki,
979 3881 1119 3945 episcopus
1143 3878 1322 3930 cracoviensis

180 3971 214 4038 (a.
235 3970 424 4039 1545-1550)
443 3974 549 4029 dicitnr,
570 3982 681 4036 aterque
700 3981 788 4021 antem
809 3972 993 4036 sigismundus
1012 3979 1039 4020 et
1058 3977 1136 4034 pater
1154 3976 1180 4018 et
1197 3968 1268 4017 filins
1281 3983 1322 4017 re·

180 4064 226 4129 gni
246 4064 392 4128 participes
411 4064 579 4127 victoresque
598 4064 768 4112 celebrantur
788 4078 812 4110 v.
835 4059 892 4113 148,
913 4062 939 4110 id
958 4061 1029 4125 qaod
1047 4076 1100 4109 non
1120 4066 1181 4108 ante
1201 4072 1224 4107 a.
1244 4054 1322 4120 1540,

181 4153 226 4202 vix
246 4153 312 4203 adeo
332 4160 395 4202 ante
415 4169 438 4202 a.
461 4151 528 4203 lass
548 4153 604 4201 tisri
630 4153 722 4216 potuit.
752 4152 880 4200 I'ltinmm
905 4150 984 4199 haiam
1010 4149 1133 4198 editionis
1157 4147 1323 4213 epigramma

182 4242 278 4307 aptiori
297 4242 356 4292 loco
375 4243 445 4291 inter
464 4243 567 4291 minora
586 4242 706 4290 earmina
725 4240 868 4289 reservavi.

290 4329 378 4381 ²IIoc
398 4332 562 4395 epigramma
582 4347 733 4395 expressam
755 4338 793 4379 cst
820 4330 846 4378 in
868 4330 983 4378 editione
1009 4330 1058 4378 sab
1077 4328 1194 4393 imagine
1216 4325 1323 4391 gentili-

183 4422 284 4473 tiorum
302 4421 455 4472 Macisiovii
475 4436 617 4477 armornm,
643 4421 740 4484 quibas
763 4436 859 4468 nomen
885 4428 924 4468 est
944 4419 1040 4468 Cioick
1065 4434 1081 4466 a
1101 4417 1171 4467 tauri
1189 4416 1276 4482 tigata
1294 4415 1323 4464 in

183 4510 282 4561 eisdem
300 4511 415 4575 depicta.
