3016 5310
650 466 726 501 rarat
747 466 835 501 aorzu

1218 539 1318 548 -—

1192 552 1197 555 -
1225 551 1318 559 -ι

285 660 401 723 Pressa
424 659 519 743 leret,
544 659 724 746 fundatque
748 683 833 724 novo
857 684 943 725 nove
965 661 1087 747 gaudia
1111 684 1213 748 regno

183 787 252 831 rso.
287 765 458 831 Laetitiam
484 777 517 832 et
539 768 628 852 genti
652 767 768 831 reddat
791 767 972 853 faciemque
995 768 1144 854 priorem.

286 874 397 959 Regia,
420 896 479 938 rex
504 875 660 959 Auguste,
685 874 797 939 volens
820 885 852 939 te
875 874 1017 961 postulat
1041 876 1146 940 omnis

287 980 430 1066 Vultque
454 1004 558 1064 suum,
586 982 740 1067 quiequid
758 1002 871 1067 regum
892 982 932 1046 de
949 983 1048 1069 stirpe
1064 982 1249 1069 profectum
1267 994 1317 1048 est.

379 1087 484 1154 Credo
508 1088 656 1174 equidem
682 1089 759 1174 fore,
783 1091 838 1176 qui
863 1089 981 1153 nostris
1005 1089 1136 1154 diversa
1161 1091 1265 1155 seeuti

290 1193 390 1260 Sacra
406 1196 566 1281 Deosque,
576 1233 616 1242 —-
631 1197 696 1260 tuis
712 1195 809 1260 lieeat
824 1196 919 1261 modo
936 1218 970 1261 se
987 1196 1107 1262 addere
1123 1198 1269 1284 sceptris,
1280 1236 1317 1246 —

247 1352 254 1365 .
289 1302 464 1365 Dimittant
489 1312 601 1366 saneta
625 1301 666 1366 ad
690 1301 811 1368 Christi
834 1303 967 1368 lavaero
991 1302 1136 1369 volentes

288 1407 371 1473 Cum
395 1407 531 1494 populis,
554 1409 613 1473 tibi
637 1432 719 1495 (quae
743 1409 829 1475 seliei
854 1411 966 1475 iuncta
988 1410 1173 1499 hymenaeo

288 1515 485 1601 Perpetuam
509 1516 585 1580 fatis
609 1516 795 1581 melioribus
819 1519 929 1603 exigat
952 1540 1068 1582 aevum
1083 1522 1102 1581 ¹.

289 1622 420 1707 lagello,
443 1645 546 1709 genus
570 1623 657 1687 unde
680 1623 748 1706 tibi,
766 1618 813 1687 'ne
836 1623 984 1709 exempla
1008 1634 1156 1710 petamus

289 1729 444 1814 Longius,
469 1729 606 1794 ambivit
630 1752 738 1794 saeros
763 1730 924 1816 Hedvigis
949 1729 1085 1795 honores

249 1886 255 1899 .
291 1836 334 1899 Et
356 1836 465 1921 regale
489 1836 601 1901 deeus:
626 1859 708 1923 quae
732 1860 850 1922 magno
874 1860 1031 1902 aeeensus
1055 1859 1165 1902 amore

289 1944 379 2008 Dum
403 1954 519 2028 captat,
544 1945 645 2007 saeris
669 1944 790 2010 Christi
815 1954 912 2030 eaput
935 1944 1038 2008 abluit
1061 1944 1169 2028 nudie,

291 2052 334 2113 Et
357 2050 456 2115 falses
480 2051 593 2115 melior
616 2050 710 2114 divos
734 2050 883 2137 idolaque
906 2050 1056 2137 linquens

289 2159 408 2221 Fracta
432 2157 522 2220 solo²
544 2167 575 2222 et
599 2157 762 2243 quondam
787 2158 948 2223 cultorum
972 2158 1049 2221 iana
1072 2156 1217 2243 deorum7

290 2264 385 2327 Patro
409 2265 480 2330 Deo
504 2275 616 2329 natum
639 2264 735 2350 plena
759 2275 932 2330 veneratus
956 2287 1069 2330 eeerra
1093 2279 1149 2349 est,

249 2421 255 2434 .
291 2371 422 2436 Crudeli
446 2371 611 2437 Christum
637 2383 819 2437 servantem
844 2373 958 2437 funere
982 2371 1151 2457 mundum,

292 2479 426 2565 impulit
449 2490 545 2565 atque
569 2479 681 2543 eadem
705 2480 840 2566 populos
865 2479 904 2543 ad
930 2501 1022 2544 saera
1046 2482 1240 2565 trequentes,

291 2587 465 2651 Poscentes
489 2586 574 2650 ultro
597 2586 740 2674 lymphis
765 2587 950 2672 immergier
973 2585 1097 2671 iisdem,

292 2694 376 2757 Rore
401 2693 568 2757 salutifero
592 2704 624 2757 et
648 2695 770 2758 erinem
795 2715 936 2758 mersere
959 2693 1121 2757 fluentem.

381 2801 470 2886 Ergo
494 2822 563 2885 age,
587 2800 662 2864 tolle
687 2823 792 2864 inuras
816 2800 979 2886 laetaque,
1002 2801 1161 2884 Auguste,
1185 2797 1302 2882 relicte,

251 2958 258 2971 .
292 2908 475 2993 Detergens
498 2907 589 2993 largo
611 2908 754 2972 rorantia
777 2907 902 2970 lumine
924 2906 1010 2991 fletu⁷

293 3014 490 3100 Coniugium
513 3014 669 3078 meditare
692 3037 823 3098 novum,
847 3023 878 3078 et
902 3035 988 3077 nova
1011 3012 1132 3098 gaudie
1156 3011 1262 3077 volve.

293 3121 401 3201 Quam
424 3133 458 3185 tu
484 3131 582 3208 optes,
606 3122 716 3186 euneti
740 3131 942 3208 exspectant3
970 3142 1038 3205 rex,
1061 3140 1169 3185 annue
1192 3128 1323 3202 tantum,

293 3230 418 3315 Sponsa
440 3238 497 3293 tua
520 3238 577 3313 est,
600 3227 755 3315 quiequid
779 3228 897 3314 regalis
922 3227 1091 3313 sanguinis
1115 3246 1256 3312 usquam
1271 3233 1324 3292 est.

293 3337 461 3422 Perpetuis
485 3337 585 3421 igitur
609 3346 721 3400 eoeant
746 3334 885 3400 eenubia
909 3333 1036 3417 vinulis,

253 3493 260 3507 .
296 3444 421 3509 Sentiat
445 3444 579 3507 amissos
603 3443 649 3507 nil
673 3443 790 3507 deinde
814 3444 983 3528 Augustus
1008 3462 1142 3505 amores.

293 3551 468 3635 Adveniet,
491 3550 589 3615 talem
613 3552 666 3615 eui
690 3551 758 3615 feta
782 3549 900 3615 dedere
923 3549 1085 3632 maritum,

293 3658 471 3722 Exsultans
495 3680 603 3743 regno,
627 3667 658 3720 et
681 3658 775 3721 teetis
799 3656 952 3721 sueeedat
976 3656 1100 3739 amieis,

293 3765 466 3828 Laetitiam
490 3765 617 3851 populis
640 3775 671 3829 et
695 3764 763 3850 regi
786 3763 907 3849 gaudia
930 3773 1071 3849 portans,

293 3871 343 3934 Tu
368 3895 446 3936 vero
470 3872 525 3957 nil,
548 3873 635 3956 diva,
659 3871 751 3955 aude,
774 3870 944 3959 Cytherea,
968 3870 1120 3956 facesque

192 3999 260 4043 reo.
296 3980 338 4042 Et
362 3980 508 4043 flammas
532 3978 675 4043 inhibete
698 3988 783 4042 tuas:
807 3977 853 4041 nil
878 3988 980 4041 mater
1004 4000 1150 4041 amorum

293 4086 430 4171 Regales
453 4086 551 4151 hebet
575 4088 609 4149 in
633 4085 801 4169 thalamos.
826 4084 1000 4149 uolucerre
1025 4083 1161 4170 Cupido.

299 4355 303 4381 ¹
325 4355 463 4418 lungenda
483 4371 540 4403 esse
561 4354 690 4402 ridentur:
721 4353 871 4407 „dimittant
892 4369 951 4401 eura
974 4351 1077 4415 populis
1097 4349 1218 4400 volentes
1238 4354 1325 4399 sancta

188 4445 223 4494 ad
244 4444 305 4494 Chr.
326 4445 435 4494 lavacra
456 4461 523 4497 eam.
544 4459 648 4507 quae...

297 4532 307 4561 ²
328 4535 385 4584 scil.
406 4534 461 4583 solo
482 4543 567 4582 tenus.
