3016 5310
343 445 386 513 ⁵8
819 464 1012 542 merul

386 537 721 555 -—--.....-..-..—''-...-.
735 548 857 555 --·—-..-
907 537 961 542 —-
1031 537 1036 542 ‘
1060 537 1111 543 —''

446 660 520 725 Nou
543 659 697 725 exaudito
721 671 828 744 cantu,
851 671 974 726 maesto
996 683 1051 726 ore
1074 683 1240 748 genasque

344 789 413 831 scs.
449 768 599 834 Suffusus
623 767 709 832 cedit
732 778 858 854 statque
881 767 946 832 alto
969 768 1068 833 corde
1091 768 1201 833 dolore

448 875 553 938 Fixus
576 884 608 940 et
631 875 800 960 indignam
824 874 958 939 volvens
981 875 1041 939 sub
1066 886 1195 961 pectore
1218 887 1337 940 sortem

451 984 559 1067 Aeger
582 982 671 1046 abire
694 994 786 1069 parat
810 981 1007 1069 choreasque
1029 982 1219 1069 relinquere.
1251 982 1402 1049 Grcssum

449 1090 576 1173 Tendit
600 1089 675 1172 abit,
700 1100 848 1176 arctoque
871 1090 975 1175 gradu
1000 1112 1034 1154 se
1058 1090 1213 1155 continet:
1239 1089 1332 1154 illum

449 1197 567 1285 Raptat
591 1219 680 1259 amor
702 1195 893 1280 choreisque
916 1196 1088 1261 abeuntem
1119 1207 1150 1261 et
1178 1195 1281 1261 mults
1304 1203 1460 1283 gementem

408 1354 414 1366 .
450 1304 608 1388 Continet,
632 1303 827 1390 alteriusque
852 1303 940 1367 iubet
963 1303 1096 1368 meliora
1120 1302 1257 1368 choreae

451 1410 586 1497 Sperare
610 1422 641 1476 et
664 1411 779 1475 duram
804 1411 964 1497 sperando
986 1412 1117 1476 vincere
1140 1422 1268 1476 sortem.

451 1518 635 1604 Exspectat,
659 1518 786 1591 fruitur,
810 1517 914 1582 laetus
938 1541 993 1604 spe
1017 1518 1159 1582 exsultat
1182 1540 1348 1605 ovansque
1502 1562 1504 1625 ,

450 1625 636 1690 Conventus
660 1626 725 1688 ruit
747 1626 781 1688 in
805 1625 928 1689 medios
941 1629 961 1707 ¹,
985 1627 1059 1689 ferit
1083 1647 1158 1690 acra
1181 1635 1271 1690 motu

450 1732 633 1817 Composito
657 1742 827 1817 versatque
849 1734 947 1817 vices,
971 1732 1053 1818 pede
1075 1730 1159 1796 ludit
1184 1732 1305 1818 inique.

392 1860 417 1901 s.
452 1837 582 1902 Invidet
605 1837 682 1903 huic
706 1837 789 1902 alius
813 1849 939 1923 sortem,
963 1840 1019 1926 qui
1041 1838 1120 1903 talia
1143 1848 1274 1922 maeret,

452 1943 570 2023 Qualia
593 1968 697 2031 nuper
719 1957 786 2009 erat
810 1968 889 2010 casu
912 1945 966 2010 hic
989 1955 1142 2032 expertus
1166 1967 1286 2009 amaro.

451 2051 608 2138 Indignos
631 2075 727 2116 casus
750 2052 933 2117 volventem
956 2053 1152 2138 inimicaque
1176 2052 1244 2115 fata

451 2159 545 2244 Cogit
568 2182 658 2224 amor
681 2183 810 2246 sperare
833 2170 864 2224 et
888 2184 944 2247 spe
966 2170 1053 2225 tenet
1076 2181 1171 2246 asper
1194 2170 1362 2224 amantem.

450 2266 578 2331 Interea
603 2268 691 2333 caelo
715 2279 842 2333 noctem
866 2290 1036 2354 properare
1060 2266 1169 2331 voluto

370 2397 375 2416 ·
411 2425 417 2437 .
452 2373 574 2438 Infelix
596 2375 685 2439 videt
709 2387 739 2439 et
763 2374 872 2439 stellas
896 2375 1064 2439 ostendere
1085 2375 1189 2458 terris,

452 2482 567 2546 Finem
591 2483 818 2548 adventantem
843 2482 1042 2566 chorearum,
1065 2492 1275 2568 extremaque
1298 2500 1430 2546 maerens

452 2590 580 2675 Cogitat
604 2601 635 2654 et
659 2589 740 2654 nihil
764 2590 888 2674 infelix,
912 2590 997 2677 quod
1022 2599 1136 2676 speret,
1159 2588 1288 2673 habere,

452 2697 590 2761 Multam
614 2699 675 2760 ista
698 2699 731 2761 in
756 2707 882 2761 noctem
907 2697 1026 2761 oblitus
1049 2695 1222 2783 procedere
1247 2706 1347 2761 sueta.

453 2803 507 2869 Sic
531 2803 623 2868 illurn
646 2804 813 2891 perturbat
837 2828 927 2869 amor
950 2805 1093 2889 visisque
1117 2804 1240 2888 fatigat.

370 2937 376 2954 ·
411 2962 417 2974 .
452 2911 571 2997 Optata
593 2910 724 2976 tandem
749 2913 876 2989 fruitur,
899 2911 1082 2996 gaudetque
1106 2909 1231 2993 chorea,

453 3019 495 3082 Et
518 3018 616 3082 semel
640 3030 735 3105 atque
759 3019 874 3082 iterum
900 3018 996 3083 celeri
1019 3018 1099 3104 petit
1122 3017 1204 3081 atris
1228 3015 1322 3080 saltu.

542 3126 614 3189 Hac
637 3127 709 3190 vice
732 3126 888 3190 festarum
911 3125 1102 3189 chorearum
1124 3122 1265 3210 pluruma
1289 3123 1391 3207 surgit

453 3233 525 3295 Nox
550 3233 639 3297 caelo
661 3234 870 3318 referuntque
892 3231 1059 3295 humentia
1083 3230 1190 3294 sidera
1213 3230 1378 3295 somnos:s

452 3339 547 3403 Tibia
571 3362 757 3426 supremum
781 3340 877 3423 canit,
902 3340 983 3403 actis
1006 3349 1092 3402 meta
1115 3336 1249 3402 choreis.

454 3446 605 3531 Surgitur
627 3459 658 3512 et
681 3448 789 3533 sponsi
813 3447 971 3510 thalamos
995 3446 1071 3510 inde
1092 3446 1158 3509 itur
1181 3443 1224 3509 ad
1246 3443 1338 3509 altos.

542 3553 661 3617 Lectus
685 3565 762 3637 erat,
786 3553 867 3617 listas
893 3553 948 3616 uhi
972 3551 1132 3618 contrahit
1156 3550 1297 3637 angulus
1321 3549 1421 3632 seles,

455 3661 536 3723 Lino
560 3660 742 3724 substratus
765 3661 863 3742 tenui,
887 3659 1014 3744 (qualem
1039 3660 1121 3723 atria
1145 3659 1270 3722 circum

453 3767 629 3852 Suspendit
652 3767 749 3831 telam
773 3767 934 3831 fecundus
958 3767 1095 3830 stamine
1118 3765 1247 3851 vermis,

452 3873 548 3939 Ostro
572 3897 672 3938 suave
695 3873 815 3938 rubens
840 3896 981 3957 serrone,
1004 3884 1109 3938 tectus
1132 3881 1164 3936 et
1187 3893 1276 3956 auro,

390 4004 415 4046 s.
451 3982 493 4044 Et
517 3981 618 4044 multa
641 3983 748 4067 pictus
772 4004 899 4066 gemma
923 3981 1048 4045 emicat.
1081 3981 1163 4043 Atra
1186 3976 1310 4044 recedit

452 4088 526 4152 Nox
550 4088 645 4174 longe
668 4088 898 4173 horrentesque
922 4087 985 4150 alio
1008 4088 1070 4152 fert
1092 4087 1180 4151 victa
1203 4084 1362 4150 tenebras.

451 4194 516 4259 Hic
539 4193 642 4279 heros,
666 4218 759 4260 sacra
782 4219 878 4282 quem
902 4195 1100 4259 Vratislavia
1124 4193 1220 4258 mitra

455 4434 462 4462 ¹
483 4437 560 4487 Corn.
581 4435 712 4498 „mediet

455 4521 464 4555 ¹
483 4527 561 4594 Verg.
580 4527 647 4577 Aen.
665 4526 700 4592 ΙΙ,
721 4523 739 4578 8
757 4541 795 4590 sq.
