3016 5310
554 494 710 527 νκΛκινΑτιο.
1139 478 1205 527 XIII
1291 506 1295 513 ·

53 688 160 752 latum
184 709 402 774 gnesnensem
425 696 568 772 gerente,
592 688 625 750 in
650 709 688 751 ea
712 686 793 751 urbe
815 686 991 751 habitabat.
1019 686 1205 772 Imperabat

51 794 117 860 hoc
141 805 288 881 tempore
310 792 443 858 Polonis
466 817 508 858 ex
531 794 630 880 stirpe
653 792 830 879 Iagellonis
851 792 1080 878 sigismundus
1095 793 1121 875 I,
1145 815 1205 858 rex

54 903 187 989 sapiens
211 912 244 966 et
267 902 371 985 mitis,
402 902 465 964 nisi
497 900 583 987 quod
614 912 683 965 tum
714 902 779 964 iam
805 901 894 965 senio
917 900 1085 965 confectus
1110 900 1204 964 uxori

52 1031 136 1073 suae
160 1009 280 1091 Bonae,
304 1007 382 1071 itala
405 1007 593 1074 Sforzarum
617 1018 713 1092 gente
737 1022 835 1092 ortae,
860 1018 972 1072 contra
996 1006 1132 1071 salutem
1157 1009 1205 1072 rei

56 1114 211 1203 publicae
235 1116 331 1178 nimis
354 1114 556 1200 indulgebat.
595 1115 702 1179 Huius
725 1114 855 1200 quidem
880 1115 1012 1198 reginae
1040 1116 1145 1199 gratia
1173 1127 1205 1179 ct

54 1224 124 1311 ipse
157 1223 276 1286 Petrus
307 1220 501 1305 Gamratus,
536 1220 723 1286 luxuriosae
755 1222 842 1286 vitae
873 1221 1011 1284 infamia
1041 1222 1130 1286 victa
1162 1221 1204 1286 ad

54 1352 189 1394 summa
212 1340 388 1415 provectus
411 1329 604 1393 auctoritate
627 1327 776 1415 pollebat,
800 1338 831 1392 et
851 1329 968 1392 summi
985 1327 1123 1392 honores
1138 1351 1203 1392 non

55 1459 111 1523 pro
136 1437 280 1519 institis,
312 1434 369 1499 sed
399 1457 457 1521 per
481 1433 700 1499 clandestinas
730 1433 905 1499 mulierum
929 1434 1204 1520 familiariumque

54 1555 157 1626 artes,
198 1564 257 1629 per
291 1541 448 1606 ambitum
484 1541 752 1627 largitioncmque
788 1541 1075 1607 distribuebantur.
1114 1542 1202 1622 Quin

55 1651 152 1715 etiam
177 1650 299 1712 summi
323 1648 356 1711 in
379 1670 415 1712 re
438 1647 571 1735 publica
594 1649 674 1730 viri,
698 1649 837 1712 Ioannes
860 1647 1062 1730 Tarnovius,
1090 1670 1202 1734 supre-

55 1780 123 1821 mus
141 1757 350 1820 exercituum
373 1755 467 1840 regni
490 1754 560 1818 dux
584 1754 734 1840 idemque
757 1754 954 1819 castellanus
975 1755 1202 1831 cracoviensis

55 1874 83 1929 et
105 1865 228 1928 Petrus
252 1861 375 1944 Cmita,
399 1861 563 1948 palatinus
587 1863 823 1946 cracoviensis,
847 1862 963 1926 studiis
987 1863 1118 1949 reginae
1141 1864 1202 1926 im-

56 1972 201 2057 periosae
226 1968 406 2034 concedere
429 1968 638 2054 cogebantur,
663 1969 842 2055 unicusque
865 1970 952 2055 regis
971 1968 1058 2033 filius
1073 1968 1202 2034 haeres-

54 2101 111 2164 que
136 2077 270 2162 imperii
294 2075 524 2161 Sigismundus
548 2076 727 2161 Augustus,
751 2076 827 2141 inde
843 2076 884 2141 ab
901 2100 928 2141 a.
947 2077 1033 2142 1530
1049 2099 1109 2141 rex
1124 2078 1202 2141 vivo

57 2198 144 2271 patre
161 2184 368 2266 constitutus,
391 2181 452 2246 sub
469 2183 624 2269 auspiciis
640 2183 754 2247 matris
770 2182 927 2248 educatus
944 2182 1081 2266 mollius,
1104 2205 1201 2268 quam

57 2292 289 2378 imperaturum
325 2289 424 2353 tantis
459 2289 557 2354 rebus
588 2288 740 2373 decebat,
779 2290 947 2375 ingenium
981 2300 1029 2353 est
1059 2291 1201 2355 sortitus.

56 2397 216 2484 Regnum,
233 2396 428 2460 consociatis
443 2395 503 2459 sub
520 2418 585 2460 uno
601 2418 677 2481 rege
693 2397 851 2480 Lituanis,
867 2396 1038 2462 cruciferis
1055 2396 1194 2462 devictis

57 2526 230 2589 eorumque
254 2501 387 2566 ditionis
410 2513 501 2589 parte
525 2513 721 2588 expugnata,
745 2504 869 2589 reliqua
892 2503 1031 2568 ducatus
1046 2505 1199 2569 Prussiae

58 2611 182 2675 nomine
207 2611 241 2674 in
267 2608 450 2674 clientelam
473 2632 578 2696 nuper
601 2621 745 2697 recepta,
776 2611 923 2675 Masovia
947 2611 1043 2675 etiam
1067 2613 1100 2673 in
1125 2634 1198 2697 pro·

60 2719 198 2782 vinciam
222 2715 365 2800 redacta,
388 2726 458 2781 erat
481 2716 729 2802 emphasimum,
753 2717 892 2782 devictis
915 2740 994 2782 vero
1010 2716 1106 2804 paulo
1122 2729 1197 2782 ante

60 2825 219 2888 acerrimis
243 2822 407 2906 hostibus,
433 2823 577 2889 Moschis
594 2823 821 2910 Valachisque,
844 2846 924 2911 pace
947 2825 1033 2889 iuter
1056 2825 1198 2888 furentia

63 2931 136 3015 apud
162 2930 320 2995 finitimos
344 2929 430 2996 bella
453 2931 579 3015 fruens,
603 2932 681 2994 satis
705 2930 902 3018 opulentum,
926 2931 1056 2996 civibus
1080 2931 1196 2996 littaris

63 3038 192 3123 antiquis
228 3037 418 3125 artibusque
452 3037 540 3102 italis
575 3037 711 3102 eruditis
742 3038 931 3122 abundans,
970 3038 1196 3104 celebrabatur

65 3164 204 3208 ararum
229 3144 444 3231 scriptoribus
467 3155 499 3209 et
521 3156 646 3232 poterat
670 3145 775 3211 videri
800 3145 939 3230 beatum,
962 3147 1025 3209 nisi
1050 3146 1109 3210 sub
1133 3144 1196 3211 hac

67 3251 140 3331 pacis
164 3251 381 3338 fortunaeque
403 3253 511 3338 specie
535 3254 658 3317 semina
680 3253 841 3318 malorum
861 3254 992 3317 iamiam
1009 3254 1196 3339 germinan-

67 3355 100 3417 tia
120 3356 336 3423 delituissent.
358 3358 444 3422 Nam
466 3359 556 3445 ipsae
579 3359 753 3424 adiunctae
772 3370 887 3444 terrae,
910 3361 1073 3443 Lituania,
1096 3361 1195 3424 Prus-

66 3461 116 3547 aia,
146 3466 312 3549 Masovia,
350 3488 431 3553 quas
466 3467 694 3531 communibus
729 3467 915 3553 eisdemque
953 3490 992 3532 ac
1025 3466 1194 3531 Poloniam

68 3562 176 3652 legibus
209 3571 358 3636 subicere
390 3571 431 3636 ad
463 3595 625 3637 summam
655 3596 765 3638 rerum
797 3574 1070 3638 corroborandam
1101 3596 1194 3659 reges

67 3676 240 3762 studebant,
275 3679 310 3742 in
343 3681 542 3744 contrarium
573 3681 776 3766 nitebantur,
807 3696 919 3747 vetera
950 3681 1194 3767 singulariaque

68 3778 197 3848 instituta
220 3808 281 3850 sua
303 3787 510 3851 tenacissime
533 3787 666 3871 tuend03
690 3811 794 3876 neque
818 3812 896 3854 vero
919 3811 978 3853 sua
1001 3790 1126 3855 moveri
1150 3789 1193 3852 si-

68 3887 168 3955 nebant
198 3891 330 3977 Poloni,
363 3915 404 3957 ne
435 3893 515 3981 quid
546 3893 587 3958 de
619 3897 719 3981 partis
742 3896 920 3960 commodis
947 3895 1193 3984 privilegiisque

68 3990 262 4081 deperderent
285 4001 392 4084 anxii,
423 4023 524 4086 eaque
555 4014 625 4066 erat
656 4001 868 4089 complicatae
899 4005 991 4090 regni
1023 4003 1193 4068 machinae

69 4102 141 4188 ratio,
168 4116 205 4169 ut
228 4128 290 4171 nec
313 4106 481 4172 commode
505 4110 629 4172 moveri
653 4108 694 4173 ab
719 4132 796 4173 sene
819 4132 896 4195 rege
920 4110 1091 4175 tralaticiis
1115 4111 1192 4175 arti·

10 4251 12 4275 ÷
70 4202 115 4271 bus
136 4224 229 4298 atque
253 4213 419 4297 institutis,
443 4237 504 4279 nec
527 4215 625 4279 facile
648 4218 767 4280 mutari
790 4229 886 4303 atque
902 4218 935 4281 in
953 4219 1107 4305 aptiorem
1126 4217 1195 4281 for·'

71 4330 138 4379 mam
159 4319 265 4405 redigi
288 4332 405 4406 posset.
429 4320 487 4406 Ea,
510 4345 575 4409 qua
597 4324 712 4387 nititur
736 4325 782 4388 rei
806 4323 957 4410 publicae
973 4325 1069 4410 salus,
1093 4348 1192 4411 quae-

70 4436 118 4500 que
147 4425 230 4511 apud
267 4426 419 4490 finitimos
455 4428 656 4494 occidentem
692 4453 807 4494 vorsus
843 4432 920 4495 sitos
955 4432 1090 4519 populos
1125 4434 1189 4496 iam

72 4520 287 4616 invalescebat,
318 4533 469 4598 ordinum
493 4539 699 4622 temperatio,
731 4538 817 4623 apud
850 4539 987 4603 Polonos
1018 4542 1081 4603 ianr
1116 4541 1190 4604 indc
