3016 5310
185 420 251 486 292
413 394 415 399 Ι
665 440 741 473 rursu
761 439 848 474 norzu

184 506 448 515 .-....——--—-——-
466 508 606 514 ———..
621 509 654 514 —-
710 510 743 515 -.
764 509 808 515 —
821 510 859 515 —
873 510 952 515 .——
967 509 1051 515 ..η-
1072 510 1139 515 .-...-
1167 510 1322 517 Q·—

184 521 348 529 -—-——
374 520 571 527 .—-.—--.-—
590 522 758 528 —.——--
990 522 1322 531 -----

292 630 426 697 Grande
449 631 570 695 malum
592 654 659 696 non
682 642 836 697 externus
859 633 1031 720 quisquam
1052 633 1174 700 inferat
1196 633 1245 699 illi

344 737 450 802 Istud:
473 749 510 803 ut
532 762 552 803 a
574 738 699 803 famula
722 740 847 825 sentiat,
870 748 953 826 opto,
976 761 1085 805 manu.

740 1072 763 1107 0.

181 1219 329 1298 Querela
352 1219 505 1281 manium
529 1219 690 1280 undecim
711 1238 751 1279 ex
768 1218 874 1279 maris
897 1219 1088 1280 dentiscani
1105 1221 1321 1293 custodibus,

232 1325 344 1402 capite
360 1344 422 1402 per
437 1325 595 1386 iniuriam
611 1344 632 1385 a
649 1326 839 1402 gedanensi
855 1325 1061 1402 magistratu
1076 1327 1269 1403 plexorum,

735 1449 769 1499 ad

451 1553 769 1621 SIGISMUNDUM
792 1553 1051 1638 AUGUSTUM,

381 1663 509 1713 Poloniae
533 1664 647 1728 Regem,
672 1663 825 1728 Principem
849 1664 948 1728 Optim.
973 1663 1082 1712 Maxim.
1096 1662 1112 1712 ¹.

281 1802 472 1868 Admissum
495 1804 567 1870 leve
591 1805 714 1869 crimen
737 1815 815 1890 erat,
837 1828 903 1870 non
926 1825 1057 1870 carcere
1076 1802 1229 1890 dignum3

334 1911 464 1997 Exiguo
486 1910 603 1975 redimi
626 1911 713 1998 quod
736 1913 902 1997 potuisset,
925 1921 1002 1976 erat.

279 2018 354 2082 Non
376 2028 486 2082 tamen
508 2017 570 2083 hoo
592 2019 698 2103 magis
723 2018 879 2083 abstinuit
902 2042 982 2105 gens
1005 2020 1104 2084 effera
1127 2040 1200 2083 sese

333 2125 536 2189 Dantiscana
560 2148 635 2189 suas
660 2127 860 2191 continuitve
884 2148 1009 2191 manua

220 2251 246 2294 a.
276 2231 459 2316 Vincimnr,
481 2233 635 2318 rapimur,
659 2231 827 2317 trahimur,
850 2255 915 2297 non
938 2231 1079 2317 vincula,
1103 2232 1197 2296 nervi

332 2336 515 2423 Sufficiunt,
539 2340 674 2404 miseros
698 2339 782 2404 dura
805 2350 921 2404 catena
942 2341 1067 2426 promit.

275 2444 345 2508 Neo
368 2467 468 2530 mora,
491 2456 633 2532 raptatos
656 2446 764 2511 rabies
788 2447 969 2512 dantisciea
991 2447 1054 2511 leto

330 2552 405 2636 Nos,
429 2553 586 2639 Auguste,
609 2564 683 2618 tuos
707 2553 778 2639 lege
801 2564 931 2619 vetante
954 2552 1051 2618 dedit.

274 2659 457 2724 Undecimo
479 2661 645 2725 insontum
667 2661 845 2727 maculavit
868 2663 982 2727 funere
1003 2671 1132 2745 terram,

195 2786 240 2829 ιο.
324 2766 458 2832 Mactati
481 2778 589 2854 spreto
611 2778 651 2853 te,
676 2778 732 2832 tua
755 2768 860 2853 turba,
884 2791 1004 2833 sumus.

272 2873 342 2936 Nee
367 2874 482 2937 satiata
505 2874 568 2938 fuit
591 2898 671 2960 gens
694 2875 846 2962 Gorgone
869 2875 996 2939 saevior
1017 2875 1132 2938 insons

325 2979 482 3043 Nostrum
505 2980 545 3046 de
569 2981 711 3068 scapulis
735 2982 919 3047 deseruisse
942 2991 1048 3067 caput,

270 3086 313 3149 Ni
337 3110 422 3172 mox,
445 3088 627 3173 infandum,
651 3089 735 3175 palis
760 3088 873 3175 affigat
897 3090 1010 3173 acutia,

324 3193 391 3259 (teu
415 3193 504 3259 laesa
527 3219 546 3259 a
570 3194 663 3259 nobis
686 3197 777 3279 regia
800 3206 927 3282 sceptra
951 3196 1064 3260 forent.

191 3321 236 3363 rs.
268 3299 404 3386 Quoque
427 3303 540 3387 magis,
565 3325 661 3368 casus
684 3305 786 3367 nostri
810 3325 890 3389 quos
913 3302 978 3366 urit
1001 3302 1111 3367 acerbi

323 3407 534 3495 Supplicium,
559 3410 689 3496 frangat
712 3410 951 3496 discruciatque
973 3409 1072 3494 dolor,

268 3512 342 3592 Qua
365 3526 412 3579 ost
435 3517 490 3580 via
513 3517 705 3604 praepositis
728 3517 880 3582 Dantisei
902 3516 946 3581 ad
968 3517 1096 3582 moenia
1118 3519 1272 3601 nostrisa

321 3621 391 3686 illis
415 3625 589 3710 praecipue
613 3646 808 3711 proposuere
830 3624 920 3691 locis.

266 3727 399 3794 Scilicet
421 3740 452 3794 et
474 3752 516 3794 ne
540 3752 633 3795 cassa
657 3732 744 3796 omni
767 3731 917 3797 visantur
938 3730 1058 3796 honore

267 3963 275 3991 ¹
295 3966 354 4013 IIec
373 3965 491 4014 carmine
509 3971 619 4017 revocat
637 3972 717 4032 poeta
734 3967 763 4016 in
781 3967 896 4033 Augusti
915 3967 1034 4017 animum
1053 3966 1158 4016 facinus
1179 3982 1196 4016 a
1214 3967 1298 4018 Goda-

157 4052 284 4101 nensibus
310 4060 372 4103 ante
396 4053 559 4118 legationem
583 4055 693 4105 missam
718 4072 742 4106 a.
769 4054 840 4109 1568
860 4062 1050 4122 perpetratum,
1078 4055 1148 4120 quod
1175 4053 1297 4106 enarrari

156 4139 219 4189 diss.
239 4156 314 4190 meae
333 4142 420 4206 polon.
440 4143 481 4192 De
500 4144 558 4192 vita
577 4150 604 4193 et
623 4144 748 4209 operibus
768 4144 862 4210 Royzii
879 4145 964 4210 partis
982 4144 1085 4209 primae
1103 4145 1195 4209 capite
1214 4144 1240 4196 3.

263 4227 455 4295 'Praepositis
474 4232 568 4282 classis
588 4234 687 4299 regiae,
707 4234 761 4299 qui,
779 4240 922 4300 postquam
940 4234 1084 4297 eleardus,
1103 4233 1209 4286 Gadani
1222 4249 1297 4300 prae·

154 4319 242 4371 fectus
259 4318 403 4370 iudiciaria
420 4328 553 4385 potestate
579 4321 608 4371 in
633 4323 747 4374 classem
773 4324 797 4374 ei
822 4339 840 4374 a
857 4339 920 4390 rege
943 4324 1074 4389 permissa
1097 4338 1127 4374 se
1151 4323 1296 4387 abdicavit,

155 4409 206 4473 ipsi
225 4407 435 4460 iurisdictionem
454 4410 622 4462 classiariam
641 4412 788 4463 obtinuisse
806 4413 939 4464 videntur.
959 4413 1057 4478 Capita
1075 4412 1225 4466 occisorum
1236 4429 1298 4479 pro·

152 4499 240 4562 posita
259 4506 335 4548 crant
355 4501 388 4549 ad
407 4501 499 4549 urbem
519 4501 546 4550 in
559 4501 644 4552 litore.
665 4504 740 4552 Cani.
754 4518 829 4553 meae
843 4504 946 4553 dissert.
958 4504 1069 4567 polanae
1084 4502 1173 4553 locum
1183 4503 1293 4569 supral.
