3016 5310
80 532 85 537 ι
452 462 656 508 mirsiaruruu
675 454 861 508 rnaiucuotit.

101 689 152 730 ao.
186 665 405 732 Sarmaticum
427 676 592 731 recturum
615 675 698 754 apte,
721 666 871 753 fanisque
894 664 1046 729 daturum

186 773 264 837 Iura
288 782 319 837 et
342 796 422 860 quos
446 784 575 838 servent
598 785 728 838 aeterno
750 783 894 860 tempore
917 773 999 836 ritus

187 879 542 967 Moremque¹,—haud
553 881 662 967 segnis
673 880 804 945 meritos
813 901 938 967 quoque
946 878 1081 966 praebes
1089 878 1225 944 honores

186 986 348 1069 Conubi03
372 989 451 1072 quin
473 989 543 1074 ipse
567 988 668 1052 sacris
692 998 762 1052 rata
783 987 918 1052 vincula
941 985 1050 1052 verbis

186 1094 309 1179 Nautis,
332 1094 373 1159 ab
398 1094 546 1159 aethereo
569 1116 706 1181 poscens
727 1095 819 1159 Deus
843 1093 928 1158 adsit
951 1093 1103 1184 Olympo,

101 1224 152 1265 aa.
183 1201 440 1289 Mansurumque
464 1202 576 1266 volens
599 1202 760 1288 praesenti
783 1203 916 1266 numine
939 1202 1045 1266 fimet

187 1307 395 1394 Coniugium,
417 1307 552 1373 thalami
576 1307 707 1373 stabiles
730 1319 762 1372 et
786 1308 917 1373 foedera
940 1309 1004 1372 sint
1027 1313 1094 1373 uti

276 1416 571 1502 Magnanimusquc
593 1416 687 1480 horos
711 1438 780 1480 sese
804 1416 1001 1480 Tancinius³
1025 1416 1131 1501 infert,

189 1521 278 1587 Urbs
301 1544 365 1609 quo
388 1521 613 1588 Gracchorum
636 1547 670 1587 se
693 1534 790 1611 atque
814 1524 879 1588 ulta
902 1522 1022 1609 palatia
1045 1523 1175 1607 iactant,

187 1629 304 1695 Clarus
328 1631 407 1715 avis,
432 1653 559 1717 unoque
582 1630 669 1696 idem
693 1654 727 1696 sc
751 1631 868 1697 clarior
890 1631 969 1717 ipse.

101 1758 153 1801 ao,
185 1735 259 1816 Quo
282 1759 344 1803 nec
367 1736 537 1802 amabilior
559 1739 653 1803 terris
677 1760 737 1802 nec
761 1737 888 1802 dulcior
910 1737 997 1802 ullus

188 1842 386 1930 Sarmatiam,
410 1846 523 1932 rapido
545 1868 611 1932 qua
632 1867 786 1932 praeceps
809 1845 913 1909 Istula
936 1867 1034 1909 cursu

188 1950 228 2014 In
252 1973 341 2016 mare
363 1952 465 2016 volvit
488 1976 598 2041 aquas,
622 1976 727 2039 quave
751 1951 863 2039 algens
886 1951 1023 2039 despicit
1046 1961 1153 2016 arctos

185 2057 450 2147 Constringitque
472 2060 547 2146 gelu
571 2071 673 2125 terras
697 2061 835 2146 niveque
858 2060 972 2145 integit
996 2057 1069 2123 alta

187 2163 339 2230 Fundere
361 2177 528 2253 promptus
551 2189 640 2253 opes3
664 2166 832 2231 doctorum
857 2188 936 2231 cura
958 2166 1103 2230 virorum

103 2291 153 2334 aa.
187 2270 286 2335 Haud
309 2283 471 2359 postrema
495 2273 597 2356 sedet3
621 2297 686 2338 non
709 2274 764 2338 illo
788 2274 907 2361 sospite
929 2273 1043 2338 Musae

187 2379 343 2444 Desertae
365 2382 476 2466 graiae
499 2404 533 2446 se
556 2404 621 2446 non
644 2382 805 2468 latiaeque
826 2391 1011 2469 querantur.

190 2486 255 2551 Hic
276 2486 337 2552 tibi
362 2488 502 2552 Lublino
527 2490 678 2554 convivia
701 2489 809 2553 lautus
832 2490 867 2552 in
891 2488 979 2552 alta⁴

188 2595 344 2681 Apparat,
366 2596 553 2682 Augustum
576 2619 686 2683 rcgcm
710 2618 926 2683 magnamque
950 2605 1081 2659 senatus

187 2701 319 2766 Partem
341 2725 437 2767 orans
459 2703 572 2791 epulas
596 2704 637 2768 ad
660 2704 761 2769 liietas
784 2702 931 2790 laetaque
954 2700 1076 2766 Bacchi

81 2830 153 2872 ιοο.
189 2808 336 2895 Munera,
359 2810 530 2875 iuncturus
554 2811 654 2876 solem
677 2813 789 2875 visura
813 2809 982 2875 cadentem

187 2915 332 2981 Prandia
355 2938 430 2981 cum
454 2920 543 2983 cenis
567 2929 598 2983 ct
622 2941 757 2983 munera
780 2918 872 3003 larga
895 2917 1039 3000 daturus,

189 3023 307 3089 Suetus
331 3046 407 3111 opes
429 3048 608 3111 guzamquc
631 3049 729 3089 manu
753 3024 948 3112 profundere
971 3022 1071 3108 larga,

187 3130 328 3217 Dignus,
352 3131 477 3214 Crocse,
500 3142 565 3217 tuo,
590 3133 672 3197 bene
695 3134 751 3219 qui
775 3134 823 3198 sic
847 3133 948 3195 utitur
967 3151 1055 3213 aure,

185 3238 294 3324 Atque
316 3250 381 3324 tuo,
403 3239 503 3323 Mida,
526 3250 556 3303 ct
580 3239 737 3326 quicquid
760 3239 849 3304 videt
872 3239 1057 3303 auricomus
1080 3232 1136 3319 sol,

80 3366 152 3408 ros,
187 3344 442 3434 Visceribusquo
466 3347 533 3411 suis
558 3347 668 3412 condit
692 3347 852 3410 ditissima
875 3345 978 3411 tellus.

277 3453 432 3518 Praebuit
455 3466 486 3519 et
510 3455 660 3519 meritum
684 3455 792 3519 Lucas
816 3453 1009 3518 Grorcanusb
1031 3449 1185 3513 honorem

188 3560 356 3647 Coniugio⁷
380 3584 487 3627 comos
511 3561 654 3647 illustris,
678 3562 881 3648 largissimus
905 3582 990 3623 unus

189 3666 426 3755 Sauromatum,
450 3670 544 3735 cuius
566 3670 679 3756 largiri
704 3691 830 3733 sunium
853 3667 1002 3753 voluptas

78 3833 288 3841 ..ρ-ι-

190 3919 344 3972 ¹Nieolaus
371 3922 581 3989 Daierzgowski,
610 3922 826 3988 archiepiscopus
846 3919 1018 3979 Gnesnsnsis,
1048 3917 1099 3969 obi.
1128 3915 1171 3966 dia
1189 3911 1224 3965 22

77 4029 163 4064 mena.
184 4011 327 4063 Februarii
346 4027 370 4062 a.
393 4009 469 4063 1559.

190 4098 201 4127 ²
219 4101 283 4150 Mea.
302 4100 429 4153 exhibent
448 4119 472 4153 v.
486 4100 521 4153 82
537 4104 690 4168 „praebet“,
712 4117 736 4152 v.
750 4098 786 4152 84
804 4099 919 4163 „nectit”
932 4105 959 4148 et
972 4096 1090 4147 hocloco
1102 4096 1224 4155 „sunto“.

77 4189 191 4243 eorrexi
211 4189 374 4241 dubitanter.

191 4276 202 4305 ³
220 4278 370 4330 Stanislaus
389 4279 565 4346 Tencayriski‚
585 4280 720 4346 palatinus
733 4280 842 4330 Cracov.
857 4294 898 4329 aa.
913 4272 1098 4338 1553-1563,
1116 4272 1225 4322 sirecte

78 4371 165 4422 tradit
185 4368 321 4420 Nicsiacki
340 4368 452 4437 (Hert).
471 4373 497 4420 lu
519 4379 574 4422 tum
593 4371 752 4436 capitaneus
771 4368 942 4418 Lublinsnsis
962 4365 1045 4415 fuisse
1064 4364 1176 4413 videtur.

193 4459 199 4485 ⁸
219 4460 316 4525 lunge.
338 4461 453 4511 bublino
472 4462 499 4510 in
519 4461 583 4512 alta.

190 4547 289 4599 ὓΤιιιιι
308 4549 442 4617 palatinus
463 4551 643 4601 luniciciausis
663 4567 704 4601 aa.
728 4544 1001 4610 15›:›7-tool(aies.
1024 4544 1100 4592 liobr.
1122 4538 1225 4602 llerb.).

1087 4631 1118 4682 5*
