3016 5310
663 467 835 503 elariacum.
1252 448 1325 515 299

490 537 888 547 --.---.-.--.--.
1258 539 1262 545 ,
1278 538 1318 546 —-=

286 663 425 731 Servare
448 672 563 729 exutos
586 661 705 729 vinclis
728 671 761 727 et
784 661 939 748 compede
963 669 1080 745 sontes,

338 771 498 850 Quamvis
522 770 675 834 maiestas
696 768 785 833 laesa
809 768 859 853 sit,
882 767 937 833 ille
958 768 1087 855 potest?
1105 807 1150 816 -
1173 777 1285 855 potest.

225 902 252 944 c.
283 878 415 943 Liberat
438 900 515 964 ergo
537 898 610 941 reos
634 876 745 963 poenis
767 875 866 940 herus
889 874 952 960 ille,
975 873 1140 939 talherus?

337 987 392 1049 An
415 986 467 1048 ius
490 985 525 1049 in
547 983 635 1069 leges
657 1004 752 1047 omne
775 981 918 1046 talherus
941 980 1060 1046 habet?
1083 1019 1126 1028 -
1150 979 1256 1045 habet.

285 1091 378 1171 Quae
401 1112 500 1176 mare,
526 1113 608 1177 quae
632 1087 729 1154 tellus
753 1088 824 1174 fert,
855 1110 938 1174 quae
961 1087 1024 1152 fert
1046 1086 1176 1152 lucidus
1200 1086 1325 1172 aether,

338 1198 499 1265 Omnibus
522 1197 582 1280 his,
605 1196 661 1260 illo
684 1197 740 1282 qui
764 1206 861 1280 caret,
884 1194 939 1259 ille
963 1196 1072 1259 caret?
1088 1233 1132 1240 -
1155 1204 1252 1259 earet.

286 1307 378 1371 Haec
401 1305 515 1370 eadem
539 1303 639 1389 dives,
663 1304 718 1390 qui
741 1302 798 1367 illo
821 1314 853 1366 et
876 1325 1065 1366 nummosus
1089 1301 1243 1385 abundat,

206 1435 252 1479 ιο.
337 1413 387 1479 Sit
408 1412 485 1477 licet
507 1413 542 1476 in
566 1410 661 1475 foedo
685 1409 809 1475 fornice
833 1419 938 1494 natus,
960 1408 1078 1474 habet?
1102 1406 1276 1472 —habet

720 1603 781 1668 ΙΙΙ.

283 1730 429 1794 Dextera
451 1729 628 1816 pasquilloa
653 1728 775 1814 scribit,
798 1751 896 1815 quam
920 1728 1079 1813 stringere
1102 1725 1213 1810 durae,

336 1835 472 1923 Siquid
496 1837 569 1900 iura
592 1836 711 1920 valent,
735 1835 914 1900 debuerant
937 1834 1094 1898 manicae.

283 1945 486 2029 Legatoeque
509 1944 589 2030 petit
612 1945 740 2029 scripta
771 1944 837 2008 Par
859 1964 992 2029 parcere
1016 1941 1150 2007 dextrae
1173 1950 1233 2025 eet,

338 2049 428 2129 Quos
452 2050 551 2113 armis
575 2050 675 2136 petiit,
699 2050 726 2113 si
749 2060 838 2136 petat
861 2059 893 2113 et
917 2049 1050 2114 calamo.

727 2576 769 2644 16.

417 2761 478 2819 De
510 2759 665 2820 divina
700 2759 742 2818 in
773 2759 1078 2819 Dantiscanos

497 2881 531 2930 ob
550 2881 653 2931 laesam
672 2881 840 2931 maiestatem
853 2878 997 2931 vindicta&

279 3011 383 3097 Regia
406 3012 566 3076 Dantiseo
589 3013 741 3077 maiestas
764 3013 853 3076 laesa
875 3012 1028 3098 pepercit,

336 3117 515 3182 Infandum
539 3131 594 3183 aut
617 3143 683 3183 non
706 3130 755 3184 est
777 3118 934 3183 haetenus
959 3118 1027 3183 ulta
1050 3118 1152 3182 nesae.

282 3223 346 3289 Seu
371 3247 461 3288 mora
483 3225 648 3290 vindictae
672 3237 728 3309 est,
752 3226 822 3292 sive
845 3224 1049 3311 indulgentia
1072 3247 1206 3311 poenae,

335 3331 408 3395 Hoc
432 3331 534 3395 ultrix
558 3333 635 3396 insti
659 3356 724 3397 non
747 3333 821 3397 tulit
845 3334 894 3397 ira
916 3333 990 3397 Dei.

221 3458 247 3501 a.
278 3438 368 3523 Ergo
391 3447 458 3501 teta
480 3439 575 3524 gravi
599 3440 776 3525 complevit
799 3441 926 3505 moenia
950 3439 1038 3505 tabe:

334 3544 462 3609 Iudicio
485 3544 566 3610 haec
589 3546 714 3610 Divum
737 3557 784 3611 est
808 3569 911 3634 poena
934 3557 1046 3612 secuta
1068 3569 1149 3611 reos.

279 3651 411 3716 Perfida
433 3675 522 3738 gens,
545 3654 632 3738 regis
655 3676 739 3739 quae
762 3653 868 3719 edicto
891 3654 1031 3742 pendere
1054 3654 1165 3738 legum

334 3759 503 3823 Debuerat
525 3782 654 3846 poenas,
677 3760 851 3846 pestilitate
875 3761 972 3826 cadit.

280 3865 427 3929 Desertis
451 3866 539 3930 cives
562 3867 684 3953 passim
707 3868 911 3931 tumulantur
934 3868 968 3931 in
992 3868 1087 3954 agria,

199 3994 245 4036 10.
330 3971 432 4036 Nulla
455 3971 673 4039 cadaveribus
697 3983 742 4036 tot
766 3974 911 4037 Libitina
936 3985 985 4038 eat
1008 3984 1064 4039 est..

280 4078 387 4164 Hunc,
410 4077 488 4144 licet
510 4079 664 4166 indignis,
687 4079 802 4144 tribuit
825 4080 916 4144 Deus
942 4080 1027 4145 ultor
1048 4080 1212 4166 honorem,

333 4183 500 4273 Supplicia
524 4209 634 4272 regem
657 4185 736 4250 dum
760 4187 863 4273 praeit
886 4187 955 4273 ipse
979 4211 1047 4251 suc.

170 4353 238 4361 ,-.
274 4354 315 4360 ι...
336 4356 377 4363 .,.,

282 4432 291 4460 ¹
319 4433 395 4483 Corn.
422 4432 472 4486 181
499 4451 537 4499 eq.
563 4457 588 4478 ι
611 4452 661 4487 eas.
689 4435 731 4488 53.
761 4437 837 4488 Haec
862 4437 956 4488 referri
981 4437 1106 4487 ridentur
1134 4439 1168 4487 ad
1194 4453 1217 4488 a.
1246 4437 1322 4492 1869

169 4529 321 4572 exeuntem.
