3016 5310
183 680 226 723 ae
250 659 368 724 classis
396 658 516 723 iudicis
547 679 681 723 munere
712 652 932 743 abdicaverit,
963 681 1021 724 rex
1052 680 1130 724 vero
1161 659 1340 724 classiariis

189 767 274 831 urbe
288 765 507 832 interdixerit.
522 763 620 846 Quod
632 765 842 829 interdictum
860 786 935 830 eum
951 763 1162 830 nihilominus
1179 766 1339 831 classiarii

187 873 411 960 neglegerent,
435 871 595 938 seditione
618 871 747 937 Godani
771 882 881 937 coorta
903 872 1042 960 populus
1062 873 1097 938 vi
1114 873 1266 938 undecim
1282 873 1341 938 ho·

189 983 297 1045 mines
321 1002 364 1045 ex
386 980 492 1045 classe
515 981 607 1066 regia
629 979 788 1066 corripuit
810 981 980 1066 capitaque
1003 981 1036 1043 in
1053 981 1124 1067 ipsa
1140 981 1231 1046 urbis
1246 991 1341 1067 porta

189 1086 428 1151 decollatorum
452 1088 616 1173 stipitibus
639 1086 741 1150 infixa
765 1087 798 1150 in
822 1086 930 1151 littore
949 1089 1107 1173 exposuit.
1131 1089 1218 1168 Quin
1240 1088 1340 1175 portis

183 1192 316 1259 eleusis
339 1193 404 1257 tela
427 1215 469 1257 ex
492 1192 738 1279 propugnaculo
761 1193 852 1258 urbis
875 1194 909 1257 in
926 1195 1032 1279 regias
1048 1216 1151 1259 naves
1168 1194 1341 1260 mitteban-

186 1312 253 1365 tur.
292 1300 386 1380 Quae
412 1322 465 1365 res
489 1302 604 1365 merito
636 1300 746 1364 mitem
777 1302 864 1386 regis
895 1303 1040 1364 animum
1071 1302 1214 1366 offendit.
1253 1303 1338 1367 Nam

188 1429 388 1494 quamquam
414 1406 573 1472 classiarii
592 1407 749 1472 lasciviae
765 1407 908 1494 laesique
925 1410 1004 1494 regii
1022 1408 1185 1473 interdicti
1203 1410 1340 1474 crimine

190 1514 321 1579 absolvi
345 1537 410 1578 non
434 1524 591 1601 poterant,
616 1514 794 1601 classisque
818 1514 874 1579 illa
896 1517 987 1601 regia
1010 1526 1105 1579 autea
1127 1518 1169 1581 ab
1192 1515 1340 1581 hostibus

190 1632 323 1686 vastata
345 1623 411 1684 iam
434 1631 504 1685 tum
528 1622 598 1708 ipsa
623 1620 710 1685 haud
733 1621 846 1708 procul
871 1622 983 1687 aberat
1007 1623 1048 1688 ab
1065 1624 1207 1707 interitu,
1231 1634 1339 1688 tamen

181 1729 232 1792 ,ab
259 1728 340 1792 urbe
363 1729 451 1814 regis
474 1728 610 1813 imperio
633 1728 774 1791 obnoxia
796 1729 922 1814 regiam
945 1728 1082 1793 classem
1106 1728 1265 1795 hostiliter
1284 1730 1341 1795 de-

188 1834 263 1918 leri,
287 1833 393 1900 scelus
417 1835 540 1898 maiore
562 1855 666 1920 poena
689 1834 887 1920 expiandum
912 1832 1095 1899 videbatur.
1125 1836 1238 1922 Neque
1261 1856 1340 1901 vero

181 1955 264 2005 tum
287 1942 430 2026 primurn
453 1939 627 2006 Gadanum
652 1941 779 2026 imperii
804 1940 912 2027 poloni
928 1943 1000 2005 iura
1016 1941 1117 2024 laesit,
1131 1964 1237 2028 *saepe
1252 1945 1339 2007 enim

188 2049 290 2113 urbes
307 2049 460 2112 Prussiae
476 2048 558 2112 mari
574 2047 761 2112 adiacentes
777 2048 956 2135 opibusque
972 2048 1074 2113 fretae
1090 2048 1226 2113 solutius
1241 2070 1338 2136 quarn

181 2178 250 2242 pro
281 2154 529 2220 condicionibus
560 2156 763 2220 aGasimiro
794 2155 996 2241 lagellonida
1027 2156 1191 2240 quondam
1224 2166 1338 2243 sponte

184 2263 336 2348 acceptis
360 2261 500 2348 agebant
524 2261 771 2348 libertatemque
787 2262 991 2326 affectabant.
1015 2263 1120 2347 Quod,
1137 2284 1212 2327 eum
1228 2285 1247 2326 a
1263 2285 1340 2350 rege

184 2369 350 2455 regnique
373 2368 544 2433 ordinibus
566 2380 637 2432 turn
657 2370 764 2455 ipsum
780 2369 814 2433 id
831 2370 1006 2456 praecipue
1023 2380 1183 2456 ageretur,
1207 2381 1243 2434 ut
1258 2371 1340 2456 legi—

183 2478 255 2542 ’bus
277 2476 442 2562 prioribus
466 2476 642 2540 auctoritas
667 2477 782 2561 visque
804 2477 1029 2541 restitueretur
1051 2476 1223 2563 legumque
1239 2499 1341 2550 novae
1375 2490 1377 2495 ’

183 2604 267 2648 rum
289 2583 414 2647 auxilio
438 2581 587 2648 diversae
611 2584 703 2668 regni
728 2594 835 2668 partes
858 2584 891 2646 iu
917 2606 1018 2646 unum
1042 2606 1160 2670 eorpus
1180 2583 1341 2649 coalesce-

187 2701 275 2774 rent,
300 2689 423 2753 diutius
446 2683 650 2753 tolerandum
676 2711 739 2753 non
764 2689 946 2754 videbatur.
1192 2683 1194 2687 ⁴

300 2797 416 2883 Itaque
446 2797 511 2860 iam
544 2819 572 2860 a.
597 2799 682 2862 1567
708 2796 830 2883 placuit
860 2798 944 2862 mitti
977 2796 1019 2860 ad
1051 2797 1146 2862 urbes
1180 2799 1341 2884 Prussiae,

189 2905 356 2991 imprimis
380 2903 557 2989 Elbiugam
580 2914 677 2989 atque
700 2903 882 2986 Gedanum,
905 2903 1110 2989 legationem,
1134 2926 1216 2990 quae
1239 2906 1342 2991 impe

181 3013 277 3076 rium
301 3010 519 3075 detrectantes
551 3009 593 3073 ad
624 3009 721 3074 fidem
746 3009 942 3074 servandam
966 3009 1113 3096 adigeret
1136 3012 1338 3076 accuratius-

183 3140 257 3204 que
280 3117 412 3203 singula
434 3118 504 3203 regi
528 3119 638 3202 reique
663 3116 814 3203 publicae
836 3117 1033 3202 praestanda
1057 3117 1214 3181 definiret.
1246 3118 1340 3196 Quae

183 3225 272 3288 dum
295 3236 463 3311 parantur,
494 3223 633 3289 classem
660 3225 783 3308 regiam
808 3234 967 3287 vastatam
993 3246 1064 3288 esse
1094 3247 1114 3287 a
1137 3224 1342 3290 Gedanensi-

189 3333 254 3396 bus
285 3329 422 3395 allatum
453 3341 518 3413 est,
549 3344 652 3416 eaque
683 3330 747 3394 fuit
777 3353 877 3395 causa
900 3330 1133 3395 accelerandae
1160 3331 1340 3417 legationis.

190 3439 314 3503 Munus
338 3436 482 3502 delatum
506 3448 555 3501 est
579 3437 620 3501 ad
643 3437 785 3524 quinque
810 3429 901 3523 regni
923 3448 1095 3522 senatores,
1119 3448 1270 3524 quattuor
1286 3460 1342 3504 aa·

188 3544 348 3610 atellanos
372 3545 668 3629 Oarncoviumque,
700 3546 887 3631 episcopum
920 3547 1153 3619 cuiaviensem,
1185 3545 1340 3630 legationi

190 3651 405 3738 praefectum,
429 3651 463 3714 in
487 3651 580 3715 cuius
605 3651 744 3716 dioecesi
770 3651 943 3716 (ledanum
960 3655 1057 3716 situm
1076 3652 1210 3717 liutheri
1228 3664 1338 3719 tamen

192 3760 350 3845 dogmata
372 3758 567 3844 sequebatur
583 3761 871 3844 auctoritatemque
886 3761 1028 3846 episcopi
1047 3760 1226 3846 respuebat.
1250 3761 1341 3849 Roy-

192 3868 270 3951 aius,
302 3876 413 3952 utpote
447 3887 555 3930 rerum
587 3867 806 3951 prussicarum
838 3868 961 3953 peritus
990 3866 1193 3930 consiliarius
1221 3866 1340 3952 regius,

187 3974 376 4040 Oarncovio
396 3971 528 4036 additus
545 3983 602 4056 est,
626 3992 728 4058 eaque
744 3974 947 4059 potissimum
964 3974 1094 4038 videtur
1111 3973 1213 4037 fuisse
1230 3994 1339 4060 causa,

189 4102 252 4144 eur
274 4081 341 4143 iam
364 4090 440 4143 ante
462 4078 658 4165 legationem
690 4091 872 4167 susceptam
898 4079 1090 4144 Volborium
1122 4079 1163 4144 ad
1195 4070 1340 4146 Carncoss

192 4187 299 4269 rium,
322 4197 482 4271 utsupra
506 4187 633 4270 monui,
664 4188 931 4273 proficisceretur.
971 4188 1107 4273 Legatio
1130 4199 1288 4251 autumno
1311 4210 1339 4252 a.

195 4293 280 4358 1568
305 4293 467 4357 Varsovia
499 4316 518 4356 a
549 4295 636 4379 regis
661 4293 760 4358 latere
784 4296 845 4359 iter
869 4295 1018 4378 ingressa
1042 4306 1106 4373 est,
1137 4294 1239 4380 quod,
1268 4315 1340 4358 sae—

195 4400 300 4471 viente
323 4420 362 4464 eo
384 4409 528 4486 tempore
543 4401 578 4463 in
595 4399 743 4464 litoribus
760 4396 908 4465 Vistulae
925 4390 1023 4487 peste,
1046 4399 1248 4466 Carncovius'
1262 4388 1338 4464 cum

194 4497 315 4594 Royzio
338 4498 416 4571 navi
441 4506 584 4570 secundo
608 4506 741 4572 flumine
764 4506 907 4572 faciebat
930 4509 968 4593 (l,
992 4510 1190 4591 ull-274).
1222 4506 1342 4571 Elbin-
