3016 5310
544 1756 972 1859 ΡΒΑΕΡΑΤΙΟ.

293 2118 384 2182 Petri
407 2117 523 2206 Royzii
539 2118 695 2202 earmina,
717 2139 775 2203 per
791 2118 899 2182 varios
915 2116 1014 2182 libros
1031 2129 1063 2182 et
1079 2140 1177 2182 manu
1193 2119 1332 2206 scriptos

184 2236 218 2291 et
232 2227 323 2314 typis
338 2224 443 2289 editos
455 2223 616 2310 dispersa,
639 2223 673 2287 in
689 2222 752 2288 hac
768 2223 910 2288 editione
925 2225 971 2288 ita
986 2224 1140 2311 disposui,
1156 2234 1192 2289 ut
1208 2227 1332 2291 maiora

184 2335 290 2422 primo
315 2331 484 2397 volumine
510 2329 833 2418 comprehenderem,
857 2330 999 2416 minora,
1030 2330 1071 2395 ad
1095 2332 1333 2419 quinquaginta

185 2462 304 2505 versus
328 2438 537 2523 continentia,
560 2436 653 2502 alteri
677 2437 895 2524 adsignarem.
919 2438 1029 2524 Aqua
1045 2438 1192 2502 instituta
1207 2440 1333 2505 ratione

184 2546 250 2612 hae
274 2545 361 2628 illac,
384 2568 425 2609 ne
450 2555 589 2631 cognata
604 2555 860 2630 argumentoque
876 2545 1050 2608 coniuncta
1065 2543 1331 2631 distraherentur,

181 2652 359 2719 discedere
382 2674 455 2716 sum
478 2661 620 2717 coactus.
658 2651 756 2716 Unde
780 2650 904 2716 factum
929 2661 993 2735 est,
1018 2660 1107 2716 utet
1131 2651 1332 2740 deminuunt,

184 2771 327 2847 utroque
358 2780 477 2844 genere
508 2760 627 2838 mixta,
659 2768 841 2823 extremam
871 2758 968 2845 primi
1000 2757 1176 2823 voluminis
1207 2769 1332 2846 partem

184 2870 253 2932 sint
277 2867 407 2941 sortita,
440 2877 471 2929 et
502 2866 628 2929 minora
651 2864 828 2951 quaedam,
858 2866 923 2929 iam
955 2888 974 2929 a
1004 2865 1128 2954 Royzio
1160 2888 1225 2931 una
1255 2888 1332 2931 eum

183 2973 367 3038 maioribus
390 2973 479 3060 typis
502 2970 664 3058 evulgata,
687 2973 801 3037 codem
825 2971 989 3037 volumine
1013 2973 1135 3059 passim
1150 2985 1332 3039 occurrant.

182 3081 361 3146 Praeterea
392 3079 571 3145 maioribus
600 3078 816 3144 adnumeravi
851 3078 1050 3165 fragmenta,
1088 3102 1171 3166 quae
1209 3080 1331 3144 iustum

184 3210 347 3256 versuum
371 3210 553 3272 numerum,
577 3188 636 3252 etsi
660 3210 725 3251 nou
749 3186 890 3273 explent,
913 3185 1026 3273 procul
1049 3186 1149 3251 dubio
1165 3186 1335 3275 expletura
1379 3203 1381 3207 ·

181 3308 290 3378 erant,
315 3295 342 3358 si
367 3295 494 3380 integra
517 3293 704 3380 perfectave
727 3304 843 3358 essent.

296 3401 371 3481 Quo
395 3400 489 3465 modo
513 3411 545 3465 et
568 3401 691 3464 maiora
714 3409 746 3464 et
763 3401 889 3464 minora
905 3401 938 3464 in
955 3402 1079 3487 species
1095 3399 1337 3487 particulasque

180 3508 431 3593 distribuerim,
458 3531 499 3572 ex
523 3509 667 3594 capitum
690 3506 855 3573 indicibus
879 3508 1007 3593 utrique
1031 3507 1189 3572 volumini
1213 3506 1334 3572 additis

179 3617 304 3699 elucet,
328 3626 365 3679 ut
388 3636 668 3702 supervacaneum
693 3614 844 3679 videatur
866 3613 927 3678 hoc
950 3613 1022 3679 loco
1046 3614 1085 3677 de
1108 3636 1146 3678 ea
1169 3636 1205 3676 re
1221 3613 1333 3700 dispu-

182 3736 271 3804 tare3
300 3745 402 3786 unum
426 3745 542 3786 moneo
566 3745 617 3786 me
640 3744 749 3786 rerum
773 3733 1027 3807 temporumque,
1051 3733 1207 3808 quantum
1231 3719 1334 3807 licuit,

182 3831 315 3894 ratione
345 3851 411 3893 non
434 3827 584 3914 neglecta
613 3829 773 3914 imprimis
805 3829 1026 3915 perspicuitati
1051 3826 1267 3913 consuluisse,
1298 3828 1333 3892 id

182 3935 276 4025 qnod
302 3935 492 4021 diligentius
516 3946 634 3999 cuncta
657 3936 884 4022 reputantibus
915 3958 1106 4021 persuasum
1140 3935 1208 3999 fore
1232 3956 1333 4021 spere.

297 4041 385 4106 infra
419 4043 590 4128 praemitto
630 4043 733 4128 primo
771 4041 929 4106 volumini
964 4051 1172 4128 conspectum
1208 4041 1333 4106 ordinis

181 4151 373 4216 carminum
397 4149 529 4238 Royzii,
560 4149 616 4236 qui
647 4160 695 4213 est
727 4150 760 4212 in
788 4148 880 4213 libris
904 4171 1002 4212 manu
1028 4150 1157 4235 scriptis
1181 4148 1334 4235 preloque

184 4269 287 4322 antea
302 4257 479 4343 impressis,
503 4278 577 4320 cum
597 4255 694 4320 huius
710 4255 862 4321 editionis
878 4255 992 4321 ordine
1009 4257 1185 4341 compositi,
1205 4278 1247 4320 ex
1262 4279 1334 4341 quo,

181 4374 389 4452 quantopere
404 4362 611 4428 discesserim
634 4385 654 4426 a
669 4363 795 4427 ratione
810 4362 902 4426 libris
918 4361 1047 4447 tradita,
1064 4363 1142 4426 satis
1159 4361 1336 4449 apparebit.

183 4471 256 4552 Qui
281 4481 472 4556 conspectus
496 4470 593 4535 etiam
617 4492 672 4533 eos
694 4468 782 4533 haud
807 4469 921 4534 leviter
944 4469 1080 4552 iuvabit,
1104 4469 1158 4556 qui
1183 4490 1256 4532 mea
1278 4492 1336 4554 po-
