3016 5310
324 431 414 481 XlalV

833 445 986 482 turnemio,

501 514 693 534 ..-.:':‡‘-
702 515 814 534 ——T-ss‘
833 514 909 534 -'--‘
953 515 1003 521 “““““
1013 515 1123 521 “”““-“
1135 517 1307 535 “.“--..“““““
1250 517 1470 537 ·-····-·x:

321 662 512 705 caesareum
537 639 660 721 (Dacis.
683 638 729 703 lit.
753 639 783 723 Ι,
807 640 895 723 253),
927 638 984 704 sed
1016 641 1113 705 etiam
1144 640 1196 703 ius
1227 661 1400 704 commune
1430 661 1468 704 ac

324 747 608 834 perfectissimum,
631 746 716 832 quod
742 746 801 810 soli
826 748 889 809 iuri
907 749 1064 811 canonico
1080 748 1272 812 auctoritate
1289 746 1467 811 concedere

321 866 556 918 commemorat
579 855 700 935 (Decis.
724 852 770 917 lit.
795 853 856 936 Ill,
881 854 958 933 283)
989 853 1139 940 quodque
1169 874 1334 917 unacum
1357 865 1468 917 auoto-

323 962 420 1025 ritate
443 962 584 1026 caesaris
607 983 704 1047 quam
728 959 885 1024 latissime
909 956 1019 1025 valere
1042 973 1214 1047 partesque
1246 983 1266 1024 a
1296 961 1369 1024 iure
1398 980 1468 1025 ver-

324 1067 442 1132 naculo
455 1090 577 1133 vacuas
594 1070 690 1132 etiam
708 1066 796 1153 apud
809 1066 946 1131 Polonos
959 1090 1060 1153 aeque
1076 1078 1172 1153 atque
1187 1069 1221 1130 in
1234 1066 1332 1131 ltalia
1349 1068 1468 1154 Hispa-

324 1174 381 1237 nia
395 1172 568 1261 Galliaque
584 1174 715 1261 explere
739 1175 828 1260 cupit
851 1175 973 1255 (Decis.
990 1173 1035 1239 lit.
1052 1175 1077 1254 Ι,
1101 1176 1163 1239 2ὑ1
1183 1197 1241 1259 sqq
1265 1173 1306 1258 V,
1323 1177 1357 1255 33
1382 1176 1466 1257 322).

431 1282 523 1363 Quae
547 1283 611 1346 viri
635 1281 743 1367 opinio
766 1280 889 1345 ultimis
912 1282 1029 1366 viginti
1055 1280 1122 1345 fere
1146 1282 1233 1346 vitae
1248 1282 1343 1344 annis
1360 1302 1467 1345 rerum

324 1389 501 1474 improviso
524 1400 642 1453 eventu
666 1387 823 1475 paulatim
847 1409 995 1474 repressa
1017 1400 1049 1452 et
1072 1387 1113 1451 ad
1134 1389 1318 1473 aequiorem
1335 1387 1467 1451 modum

324 1495 457 1559 redacta
489 1507 546 1559 est.
584 1494 668 1559 Nam
700 1508 732 1558 et
762 1493 898 1559 Lutberi
930 1494 1132 1580 aliorumque
1155 1493 1323 1558 doctrinae
1355 1504 1467 1558 eontra

320 1603 467 1667 caesaris
490 1623 582 1665 arma
605 1601 832 1665 defensoribus
856 1603 923 1665 suis
947 1612 1114 1684 steterunt
1137 1613 1169 1665 et
1190 1599 1395 1686 singularum
1411 1623 1468 1665 na-

322 1709 448 1773 tionum
472 1707 612 1794 linguae,
636 1730 742 1772 mores
765 1709 976 1795 institutaque
1000 1709 1104 1794 magis
1128 1709 1297 1794 magisque
1320 1708 1394 1772 iura
1410 1729 1467 1772 sua

314 1814 547 1897 vindicabant,
571 1826 611 1897 et,
634 1815 690 1899 qui
713 1813 829 1880 Oarolo
845 1813 877 1877 V
899 1816 931 1877 in
950 1815 1110 1900 Hispania
1126 1836 1185 1878 rex
1201 1815 1368 1899 successiq
1392 1814 1468 1878 Phi·

323 1920 431 2008 lippus
455 1922 489 1986 Il
514 1921 646 1986 carebat
669 1922 871 2008 imperatoris
888 1923 1012 1985 romani
1029 1920 1196 2005 dignitate.
1219 1921 1341 2006 Regem
1360 1931 1467 1986 autem

326 2029 559 2114 Hispaniarum
584 2028 717 2113 obsequi
741 2049 873 2091 romano
897 2029 1081 2113 imperatori
1107 2050 1182 2092 cum
1199 2027 1342 2116 Royzius
1358 2048 1469 2114 asper·

314 2147 467 2220 meretur,
489 2158 530 2200 ne
553 2134 737 2201 Galliarum
760 2135 891 2221 quidem
908 2146 1004 2221 atque
1021 2134 1173 2199 Poloniae
1190 2157 1281 2221 reges
1297 2135 1339 2199 ab
1357 2134 1470 2200 auoto'-

314 2243 420 2306 -ritate
444 2244 585 2307 caesaris
610 2242 751 2328 pendere
775 2242 872 2307 facile
896 2244 961 2305 iam
978 2242 1184 2306 concedebat.
1209 2243 1323 2328 Itaque
1340 2244 1468 2328 parcior

322 2350 389 2412 iam
413 2360 462 2413 est
492 2351 526 2412 in
550 2348 703 2413 laudibus
727 2349 936 2414 Fordinando
960 2349 977 2412 I
1007 2363 1063 2413 aut
1095 2348 1318 2413 blaximiliano
1342 2349 1376 2413 II
1408 2350 1469 2413 im·

324 2455 502 2542 partiendis
526 2456 581 2537 (ll.
606 2458 671 2520 316
695 2460 783 2542 sqq),
815 2460 848 2520 in
872 2458 982 2542 eisque
1005 2458 1084 2542 ipsis
1109 2456 1241 2520 ducitur
1263 2457 1469 2542 potissimum

323 2573 380 2627 ant
404 2585 481 2627 suae
505 2565 552 2628 rei
576 2565 722 2650 privatae
746 2576 801 2627 aut
825 2565 1027 2649 cognationis
1058 2586 1131 2628 cum
1157 2563 1310 2628 Poloniae
1334 2563 1469 2648 regibus

321 2671 455 2753 ratione,
479 2670 716 2735 Germanorum
740 2692 818 2734 vero
840 2673 1013 2755 nationem,
1036 2669 1164 2735 Gedani
1189 2671 1362 2756 praecipue
1378 2669 1466 2733 sedi*

319 2778 411 2841 tione
434 2788 547 2841 eontra
571 2776 723 2840 Poloniae
750 2799 859 2862 regem
884 2788 1014 2863 exorta,
1045 2778 1264 2841 acerbissimis
1295 2776 1469 2841 versiculis

322 2885 473 2970 persequi
497 2906 561 2947 non
586 2883 712 2949 dubitat
736 2886 774 2968 (l,
798 2885 863 2949 278
888 2907 946 2970 sqq
971 2885 1015 2968 ΙΙ,
1039 2887 1117 2967 2a73
1143 2886 1231 2967 344).

430 2988 669 3053 Posterioribus
692 2992 793 3075 igitur
817 2993 904 3055 vitae
928 2992 1023 3054 annis
1047 2990 1150 3054 solum
1179 2991 1213 3053 in
1237 2992 1318 3053 iuris
1342 2991 1468 3054 romani

323 3098 520 3182 praestantia
544 3096 741 3162 celebranda
764 3098 989 3183 pontificisque
1012 3099 1137 3161 romani
1155 3098 1348 3162 auctoritate
1364 3096 1469 3162 extol·

323 3202 422 3267 lenda
444 3203 688 3289 perseverabam
712 3205 789 3290 quin
814 3206 912 3267 etiam
936 3204 1011 3268 fidei
1036 3226 1188 3270 romanae
1211 3205 1392 3288 integritati
1416 3224 1470 3267 ar-

320 3308 454 3373 dentius
478 3332 574 3396 quam
599 3321 694 3375 antea
714 3311 978 3396 pratrocinabatur
994 3311 1161 3375 tridentini
1181 3310 1309 3376 concilii
1328 3310 1469 3375 decretis

323 3416 466 3480 innixus.
490 3416 614 3481 Studiis
639 3428 755 3502 autern,
779 3419 897 3503 quibus
922 3440 1090 3482 romanum
1107 3418 1280 3504 imperium
1296 3417 1469 3503 amplexus

319 3533 401 3606 erat,
425 3524 457 3586 in
483 3522 676 3587 Polonorum
700 3546 837 3609 regnum
853 3524 1019 3588 translatis
1035 3536 1067 3588 et
1082 3525 1170 3607 regis
1188 3524 1340 3588 Poloniae
1356 3534 1469 3588 aucto-

324 3631 452 3695 ritatem
477 3632 589 3713 augeri
613 3640 709 3715 atque
733 3632 918 3695 confirmari
947 3632 1174 3716 (11,265sq.;
1199 3631 1224 3713 Ι,
1248 3632 1313 3695 289
1338 3635 1405 3717 sq),
1437 3620 1470 3695 et

317 3737 434 3820 malis,
466 3736 583 3822 quibus
614 3758 681 3800 rem
716 3736 878 3823 publicam
911 3737 1059 3802 laborare
1083 3739 1263 3824 perspexit,
1295 3759 1470 3803 occurrere

321 3842 510 3930 mederique
534 3845 693 3929 cupiebat.
716 3842 790 3923 Quo
814 3845 883 3907 sine
907 3844 1008 3908 dubio
1026 3845 1196 3909 referenda
1213 3857 1288 3908 sunt
1305 3844 1469 3931 pleraque

322 3950 358 4012 in
381 3950 500 4035 quibus
523 3952 719 4037 praecipuae
740 3952 928 4037 provinciae
953 3975 1030 4016 suae
1054 3974 1176 4015 memor
1198 3950 1395 4015 iudiciorum
1413 3969 1470 4038 po·-

322 4056 471 4120 lonorum
488 4059 568 4122 vitia
583 4060 701 4143 tangit,
725 4057 820 4121 modo
838 4058 943 4142 legem
959 4058 1108 4144 polanam
1124 4059 1165 4123 de
1180 4057 1347 4122 homicidii
1364 4080 1470 4144 poena

323 4164 519 4250 improbans,
544 4164 638 4228 modo
662 4165 863 4251 exprobrans
887 4166 1009 4230 iudicia
1033 4166 1072 4229 ad
1094 4167 1264 4230 arbitrium
1281 4164 1471 4230 libidinem-

323 4294 387 4358 que
410 4274 565 4349 exerceri,
590 4295 665 4336 cum
690 4295 708 4336 a
733 4272 921 4358 proceribus
946 4296 1002 4337 cae
1025 4285 1151 4336 tantum
1169 4272 1266 4356 leges,
1290 4274 1470 4359 quaeipsis

318 4380 461 4463 prosint,
487 4381 711 4465 respiciantur,
739 4379 834 4444 modo
858 4382 909 4443 ius
933 4402 1101 4442 rotnauum
1126 4380 1312 4443 accuratius
1336 4378 1471 4443 Polonis

319 4487 587 4570 cognoscendum
611 4487 771 4572 latiusque
796 4486 1019 4574 usurpandum
1043 4507 1113 4550 esse
1137 4485 1345 4549 contendens.
1373 4486 1473 4552 Cete-
