3016 5310
428 482 632 520 arrraucummr
649 483 800 519 uersurum
819 484 838 518 11
859 484 892 518 rr
912 483 1041 520 antennas.
1265 467 1308 533 57

184 555 459 574 πῇ·
469 556 536 573 :-··
663 569 669 573 .
712 556 723 573 1'
735 556 748 571 ”-
766 557 834 575 ---'
856 569 862 574 .
885 555 1144 576 ‹..-...:-·:=.....-;;.
1152 556 1306 576 ;¹.·.··.-......

186 699 243 744 ura.
277 680 319 744 Et
340 678 406 744 late
428 681 529 767 guttis
553 681 668 744 irrorat
691 679 871 766 grandibus
895 704 959 746 cra.

275 786 404 852 Deinde
426 798 522 851 vocat
544 810 656 851 rursus
680 789 813 874 repetite
838 799 872 852 ut
894 788 974 853 tibia
997 799 1095 853 cantu

275 894 327 958 Ad
351 893 511 977 choream,
535 893 671 959 redeunt
695 917 794 980 acres,
819 895 944 961 volucri
967 894 1049 982 pede
1073 894 1202 981 pulsant

275 1003 381 1083 Atria3
405 1003 462 1065 vix
486 1025 613 1066 summa
636 1004 800 1088 attingunt
823 1003 891 1067 sela
914 1002 1000 1069 levia
1023 1002 1142 1089 planta.

275 1108 387 1173 Altera
410 1109 497 1173 faeta
520 1111 621 1196 quies.
645 1121 749 1174 cessat
773 1133 848 1175 eum
871 1110 960 1196 tibia,
984 1112 1069 1175 vires

190 1232 244 1276 urs.
276 1216 429 1301 Integrat.
462 1217 526 1280 Hic
550 1219 653 1281 maiar
676 1217 740 1281 leni
765 1218 835 1282 lluit
859 1219 988 1303 agmine
1011 1216 1110 1281 sudor

276 1322 315 1386 Et
339 1325 432 1388 tereti
456 1335 548 1407 gutta
571 1324 696 1389 lzixatus
720 1326 832 1410 irrigat
856 1336 953 1390 artus.

275 1429 406 1509 Ultima,
428 1432 491 1494 iam
516 1433 639 1518 primae
662 1432 758 1496 finem
782 1434 910 1496 factura
932 1432 1076 1515 chareae,

273 1536 368 1601 Tibia
392 1538 509 1602 festive
532 1539 717 1604 accelerans
742 1540 815 1604 ferit
839 1562 914 1604 aera
935 1549 1041 1603 cantu.

274 1643 312 1706 ln
337 1645 441 1730 spatia
464 1646 647 1732 irrumpunt
672 1669 729 1710 sua
753 1648 890 1732 quisque
913 1646 1001 1710 haud
1025 1646 1157 1731 segnius
1180 1668 1267 1729 eure,

187 1763 244 1811 aaa.
274 1749 518 1839 Illaqueantque
541 1753 638 1839 pedes
663 1765 702 1837 et,
725 1764 791 1817 tcto
814 1776 947 1840 corpore
971 1755 1064 1838 versi,

274 1858 313 1921 ln
336 1858 486 1924 dextram
509 1859 699 1947 laevamque
722 1871 821 1925 ruunt
844 1863 1032 1947 circumque
1056 1861 1213 1946 feruntur,

274 1965 387 2030 Donec
412 1988 538 2030 summa
561 1969 652 2054 quies
676 1967 793 2032 ductae
817 1970 945 2054 signata
969 1968 1113 2034 chareae.

275 2072 337 2136 Hic
361 2072 501 2137 deductu
526 2097 622 2138 manu
648 2074 716 2140 sedi
741 2098 800 2139 sua
823 2077 940 2162 cuique
964 2077 1103 2141 refertur

274 2178 373 2243 Fessa
397 2180 516 2266 puella3
540 2183 618 2244 turis
642 2181 859 2246 discumbitur
883 2182 1026 2268 undique
1050 2183 1154 2268 pictis,

186 2296 243 2348 aaa.
274 2286 450 2351 Barbaricc
473 2290 568 2375 pictis
592 2312 670 2353 auro
693 2300 724 2354 et
748 2290 913 2375 ferrugine
936 2290 1034 2355 ibera.

275 2394 359 2458 Hinc
383 2405 479 2482 atque
503 2395 578 2460 inde
601 2407 687 2459 turos
711 2397 899 2461 circumstat
923 2397 1068 2462 mascula
1092 2397 1193 2486 pubes

273 2501 401 2588 Oraque
425 2502 568 2567 desiccat
593 2503 694 2566 nitida
719 2506 862 2568 rorantia
884 2528 1009 2591 mappa.

272 2608 340 2673 Nec
364 2609 471 2672 nrinus
496 2611 527 2673 in
554 2612 671 2691 stratis,
694 2613 818 2697 pernici
841 2612 984 2676 exercita
1008 2634 1115 2696 cursu,

274 2715 429 2781 Sudorem
455 2719 547 2803 virgo
570 2731 681 2783 tenera
704 2719 744 2783 de
768 2721 872 2783 frrrnte
895 2720 1048 2785 fluentem

181 2837 238 2885 aaa.
272 2822 432 2888 Gaudenti
455 2827 551 2911 tergit
575 2826 650 2912 linc,
674 2827 809 2913 pulchra
833 2851 889 2891 cra
912 2851 1100 2913 manusque.

273 2930 427 2996 Exsiccat
450 2955 576 3019 mappa,
599 2945 630 2998 ct
654 2946 756 2997 metas
780 2937 957 2999 exsuscitat
981 2958 1077 2998 auras

271 3037 403 3102 Circum
427 3062 483 3103 ora
506 3039 714 3126 albentesque
737 3064 838 3125 genas
862 3052 892 3105 et
916 3042 1044 3106 roscida
1067 3041 1167 3105 labra.

360 3145 487 3210 Interea
510 3158 676 3233 exspectat
699 3148 848 3212 choream
872 3149 949 3212 dum
974 3150 1057 3212 lacta
1081 3150 1241 3226 iuventus,

272 3250 364 3330 Quae
387 3275 461 3316 max
487 3266 534 3318 est
559 3254 720 3337 agitanda
744 3266 829 3319 tores
854 3257 1074 3342 circumspicit
1098 3255 1186 3339 altos,

176 3375 236 3420 aas.
272 3348 360 3422 Orda
383 3360 563 3445 puellarum
589 3385 668 3447 quos
692 3362 850 3448 plurimus
875 3374 1024 3449 occupat3
1048 3386 1105 3428 cra

271 3465 434 3531 Sollicitus
458 3469 520 3532 fert
543 3467 608 3533 huc
632 3470 818 3556 intentaque
841 3469 964 3533 lumina
989 3470 1122 3535 volvens

271 3572 371 3659 Eligit
394 3597 436 3638 ex
460 3576 546 3638 omni
571 3598 713 3660 numere,
737 3599 833 3661 quam
858 3577 975 3642 deiude
1000 3577 1116 3641 chorea

270 3679 388 3764 Ducat,
411 3691 442 3745 et
465 3691 616 3766 attentus,
642 3688 738 3746 cuml
764 3685 883 3769 primes
906 3685 985 3748 tibia
1010 3696 1124 3748 cantus

270 3786 390 3871 Edidit,
415 3788 574 3854 accelerat
598 3789 719 3853 nudata
742 3802 773 3853 ct
797 3793 917 3855 vertice
941 3794 1010 3875 figit

179 3908 236 3953 ico.
271 3894 439 3978 Lumine2,
463 3919 559 3981 quam
584 3897 695 3982 pascit,
719 3910 967 3985 surgentemque
990 3899 1114 3984 arripit:
1140 3899 1204 3962 itur

269 4000 306 4064 ln
331 4003 436 4089 spatia
458 4015 490 4068 et
515 4003 607 4068 solite
633 4005 664 4067 in
689 4027 807 4093 gyrum
833 4005 872 4069 de
897 4029 984 4070 more
1008 4007 1164 4069 ferunt-ur.

269 4108 371 4194 Tune,
395 4111 422 4173 si
446 4112 519 4196 quis
542 4134 639 4198 quam
663 4112 745 4175 forte
768 4114 885 4176 animis
909 4112 1057 4199 elegerat,
1082 4112 1137 4177 illu

268 4216 489 4304 Praeripiente
513 4217 576 4282 alic
600 4219 713 4302 caruit,
737 4219 815 4283 dum
840 4221 921 4285 forte
944 4230 1088 4284 moratur

179 4356 367 4378 xh-

271 4461 278 4491 ¹
297 4466 356 4516 Lib.
378 4466 455 4518 Corn.
477 4470 599 4532 ‚,quam‘¹.

269 4549 279 4580 ²
296 4554 387 4608 Tectis
405 4555 539 4622 capitibus
559 4556 668 4607 invenes
689 4564 744 4607 tum
763 4557 878 4609 reltasre
896 4557 1028 4614 videntur.
