3016 5310
179 443 247 508 220
660 459 736 494 PETRI
756 461 844 495 nonu

288 651 446 717 Barbara:
471 674 531 717 nec
554 652 630 717 laeti
654 652 757 718 eluxit
782 677 854 740 spes
879 653 946 718 ulla
970 653 1155 744 hymenaei.

206 781 256 825 ao.
287 758 419 825 Scilicet
443 759 574 823 admisit
597 759 683 847 quod
707 769 835 824 tantum
859 760 1007 826 Sarmata
1032 763 1167 848 crimen,

289 867 336 932 Ut
359 866 460 931 sterili
483 867 518 931 in
541 866 684 931 thalamo
706 877 810 932 totum
833 878 873 953 te,
897 869 1055 955 Auguste,
1078 891 1137 957 per
1159 892 1270 937 aevum

290 973 486 1059 Aspiciant?
510 973 597 1038 ullus
619 996 680 1039 nec
704 998 824 1061 magna
846 975 1003 1061 parvulus
1026 974 1100 1039 aula

289 1081 417 1145 Lusitet
442 1082 620 1167 Augustus,
643 1104 739 1167 quem
762 1092 834 1168 post
856 1091 913 1146 tua
936 1081 1053 1146 funera
1075 1104 1187 1169 regem

291 1187 465 1273 Accipient
489 1187 575 1272 olim,
600 1187 651 1252 vel
675 1211 734 1274 pro
757 1198 789 1253 te
812 1199 939 1275 sceptra
962 1199 1071 1255 tenere

208 1315 257 1359 st.
288 1292 486 1359 Grandaevo
510 1295 652 1381 cupiant,
676 1295 787 1359 multis
811 1318 886 1360 cum
909 1297 975 1360 iam
998 1296 1110 1382 gravis
1135 1296 1237 1379 annis,

290 1401 411 1466 Pacem
435 1403 582 1489 sepositis
604 1402 744 1469 Gradivi
768 1402 864 1468 rebus
888 1402 1022 1487 amabis,

291 1508 527 1597 Extremosque
550 1511 624 1597 pius
647 1511 734 1575 vitae
756 1509 954 1575 meditabere
977 1533 1082 1594 casus,

289 1615 344 1679 Nil
369 1625 533 1682 terrenum
557 1618 674 1693 animo.
697 1626 824 1680 tantum
851 1615 1003 1681 caelestia
1026 1617 1188 1681 versans?

383 1724 472 1810 Ergo
494 1723 553 1788 tibi
577 1734 626 1789 est
649 1725 725 1789 fatis
749 1735 859 1810 erepta
883 1723 969 1810 qnod
993 1734 1130 1810 utraque
1153 1723 1274 1806 coniux,

209 1850 258 1894 ao.
293 1828 386 1893 Ullos
410 1829 556 1895 Lucinae
579 1830 712 1917 longum
735 1829 824 1895 haud
847 1841 981 1918 experta
1003 1829 1140 1915 labores

290 1936 501 2023 Prospexisse
524 1938 622 2022 Deos,
645 1961 686 2002 ne
709 1938 807 2003 orbus
831 1939 978 2021 moriare,
1001 1936 1184 2024 putandum
1206 1946 1259 2021 est,

292 2042 550 2130 Sarmatiamque
572 2054 661 2109 tuam
686 2056 762 2109 nato
786 2045 856 2110 sine
879 2067 956 2131 rege
978 2043 1152 2130 relinquas.

293 2148 386 2229 Quae
409 2150 443 2213 ia
466 2161 499 2215 te
520 2151 674 2237 reliquias
698 2174 758 2216 ceu
783 2152 911 2238 sospitis
935 2151 1051 2238 aspicit
1077 2173 1143 2214 uno

291 2257 475 2344 lagellonis,
500 2269 649 2346 amatque
673 2282 791 2324 aevum
814 2281 951 2345 regnare
973 2281 1032 2346 per
1054 2280 1150 2323 omne

209 2383 259 2428 at.
288 2364 481 2451 Progeniem
504 2376 535 2430 et
559 2377 689 2451 gentem
713 2365 887 2431 deductam
911 2365 1070 2452 sanguine
1093 2363 1135 2429 ab
1159 2362 1223 2429 illo.

295 2471 367 2535 Hoc
391 2473 474 2536 votis
496 2472 601 2538 Divos
624 2482 656 2538 et
679 2472 775 2559 plena
798 2474 901 2560 poscit
925 2494 1045 2557 acerra,

293 2577 340 2642 Te
363 2578 445 2642 fusis
469 2602 565 2643 orans
588 2579 732 2644 lacrimis
755 2590 788 2644 et
810 2578 930 2667 poplite
952 2578 1045 2644 flexo.

292 2685 346 2749 An
369 2686 521 2772 precibus
544 2697 575 2750 te
598 2687 814 2773 nequicquam
838 2686 1006 2772 Divosque
1029 2685 1168 2772 fatigant

291 2791 374 2856 Rem
398 2803 543 2879 spectare
568 2816 658 2857 snam
683 2803 714 2857 ct
737 2794 836 2857 totius
859 2792 1028 2858 commoda
1050 2792 1157 2878 gentis

190 2917 259 2964 roo.
290 2897 440 2964 Confessi
452 2903 472 2984 ¹,
495 2900 570 2964 tulit
593 2923 612 2963 a
635 2899 745 2964 Lecho
767 2922 850 2986 qaae
873 2921 989 2964 nomen
1013 2898 1206 2963 honestum?

291 3005 441 3092 Namque
464 3007 497 3070 in
522 3007 690 3092 coniugiis,
714 3029 797 3092 quae
820 3007 951 3091 instant,
981 3004 1187 3091 thalamoque
1210 3008 1314 3082 tuturo,

291 3112 365 3177 Non
389 3113 449 3178 tibi
472 3125 539 3178 tam
562 3115 692 3200 coniux,
716 3137 814 3200 quam
837 3136 937 3200 regno
960 3112 1128 3198 quaeritur
1148 3110 1249 3196 heres,

293 3219 359 3298 Qui
383 3221 517 3307 populos
541 3221 618 3286 olim
643 3222 780 3308 sumptis
804 3219 987 3284 moderetur
1010 3217 1155 3282 habenis.

292 3326 335 3390 Et
358 3337 393 3390 tu
418 3338 502 3392 stare
525 3328 581 3393 diu
606 3351 749 3394 vacuum
772 3328 893 3415 patiere
917 3325 1049 3391 cubile?

190 3452 259 3497 rot.
293 3432 363 3498 Nec
387 3434 477 3500 facili
502 3459 598 3501 voces
622 3446 773 3500 orantum
796 3435 965 3499 admiseris
989 3433 1092 3497 aure?

292 3540 402 3606 Tertia
426 3544 504 3629 quin
527 3545 634 3630 potius
659 3566 781 3608 renova
805 3542 945 3606 conubia
969 3540 1062 3606 felix!

292 3650 438 3714 Uxorem
460 3649 520 3715 tibi
543 3651 651 3715 clarus
675 3673 771 3736 eques
795 3650 961 3734 lectusque
985 3657 1115 3712 senatus

292 3758 335 3821 Et
359 3758 458 3843 Bona„
483 3757 690 3823 Sforciadunr
714 3778 870 3843 magnum
894 3755 1002 3839 decus,
1026 3752 1140 3818 inclita
1163 3763 1270 3835 mater,

293 3864 454 3930 Gentibus
478 3888 520 3928 ex
543 3864 670 3929 cunctis
694 3863 853 3928 delectam
877 3871 982 3926 monte
1005 3859 1183 3946 requirunt.

191 3990 260 4036 110.
294 3975 460 4057 Augustos
484 3972 597 4035 rrrerito
621 3972 675 4036 cui
698 3970 850 4057 praebeat
874 3969 979 4033 omnis
1002 3967 1139 4032 honores

296 4080 444 4144 Sarmata
468 4079 650 4164 defigatquc
675 4078 787 4143 volens
811 4100 922 4141 sacrae
946 4075 1057 4141 oscula
1080 4074 1222 4140 dextrae.

383 4186 511 4250 Interea
534 4208 635 4270 reges,
660 4195 859 4271 sceptrorum
883 4182 1038 4270 quicquid
1062 4182 1183 4269 ubique
1205 4192 1258 4263 est,

296 4291 393 4357 Unde
416 4291 485 4356 dies
508 4293 597 4356 venit
621 4303 652 4355 ct
676 4302 773 4378 caput
797 4291 917 4356 occulit
940 4291 1143 4355 auricomum
1167 4286 1223 4373 sol,

188 4443 341 4456 .....—-..
353 4447 395 4451 ..-,

298 4523 306 4553 ¹
326 4525 424 4575 Fracti.
