3016 5310
480 451 561 485 sexu
580 452 606 485 lx
626 451 730 485 FUNEttE
749 453 808 484 SAM.
828 452 963 485 atsesovtt.

165 524 270 529 ——.
332 523 392 530 ..--
405 523 410 527 .
457 522 464 527 .
476 522 513 527 --
799 521 820 527 -—
881 522 903 526 -
917 521 979 527 --.

596 534 740 540 —.——-.
754 534 791 540 --.
806 532 1020 540 ——1--·-.-
1047 535 1054 539 .

648 812 797 875 NENIA.

257 1006 345 1091 Ergo
369 1006 465 1089 iaces,
489 1004 629 1088 Samuel,
653 1014 782 1069 aeterno
806 1015 838 1068 et
860 1004 984 1067 lumina
1008 1027 1120 1067 somno

259 1114 344 1176 Ante
368 1112 454 1176 diem
478 1111 622 1176 alaudis?
645 1112 788 1198 Letoque
812 1111 939 1175 ablatus
964 1111 1081 1176 aeerbo

259 1219 455 1286 Sarmaticas
479 1218 622 1282 lacrimis
646 1218 787 1305 comples
810 1229 842 1281 et
864 1218 1007 1283 luetibus
1031 1218 1140 1283 urbes!

257 1326 331 1389 Non
355 1325 413 1389 tibi
437 1325 562 1389 fatidici
588 1326 775 1390 eeeinerunt
799 1325 877 1388 talia
900 1336 1003 1404 vates3

197 1453 224 1495 e.
258 1432 320 1496 Hei
344 1431 433 1517 mihi,
457 1455 519 1496 non
545 1442 671 1518 raptum
696 1433 790 1495 terris
815 1433 1016 1517 speravimus
1041 1431 1117 1495 olim

257 1538 338 1602 Tam
363 1539 427 1602 eito
449 1548 481 1603 te
504 1540 657 1625 gentique
681 1551 764 1602 tuae.
795 1538 903 1622 Gadis,
926 1539 1044 1623 optime
1068 1539 1207 1624 praesul,

258 1646 300 1710 Et
322 1656 431 1710 teeum
454 1645 540 1709 bona
563 1645 664 1709 multa
689 1645 819 1710 eadunt.
847 1646 941 1708 Non¹
968 1645 1083 1709 sentiat
1107 1644 1183 1707 olim

257 1752 343 1818 Cara
366 1753 490 1816 utinam
513 1763 669 1838 quantum
693 1762 725 1816 te
747 1753 852 1838 patria
876 1750 980 1837 perdit
1004 1750 1167 1836 adempto!

259 1858 382 1925 Sentiet
406 1870 438 1922 at
462 1882 645 1945 magnoque
667 1883 800 1943 gemens
824 1859 981 1946 optaverit
1005 1868 1158 1943 emptum,

178 1987 223 2029 ro.
256 1965 355 2029 Haud
377 1977 504 2029 tantum
528 1967 674 2030 amisisse
697 1967 812 2029 virum.
843 1966 1030 2030 Praesentia
1053 1975 1191 2049 tangunt

259 2073 301 2137 Et
325 2073 496 2158 quassata
520 2073 636 2157 minus,
661 2074 725 2136 iam
750 2075 814 2136 iarn
839 2082 977 2136 ventura
1000 2071 1129 2135 doeebit

256 2179 352 2244 Flere
374 2179 453 2264 dies,
477 2181 607 2244 meritos
631 2179 785 2244 defuneto
808 2190 839 2244 et
862 2179 996 2244 reddere
1019 2179 1127 2242 laetus

257 2287 299 2351 Et
322 2286 475 2372 gravidos
499 2286 642 2350 lacrimis
666 2286 776 2351 oeulos
800 2286 944 2351 attollere
968 2285 1066 2368 caele,

256 2395 424 2457 Amissum
447 2395 570 2479 gemitu
595 2404 784 2479 quaerentes
809 2393 937 2458 aethere
960 2394 993 2455 in
1018 2392 1082 2455 alto

176 2522 222 2565 ιε.
253 2500 421 2586 Insignem
446 2502 541 2565 saetis
566 2500 757 2585 Samuelem,
781 2502 911 2564 nomine
934 2511 1045 2584 terras,

256 2607 395 2672 Nomine
418 2609 472 2694 qui
498 2608 578 2672 etteli
602 2618 725 2673 tractus
749 2618 779 2672 et
805 2608 911 2672 sidera
935 2606 1081 2693 complet.

348 2714 451 2777 Fama
475 2715 589 2799 ingens
612 2715 741 2800 praesul
766 2714 925 2800 rebusque
949 2714 1110 2797 ingentior
1132 2713 1220 2799 ipsis,

257 2820 317 2886 Ille
339 2820 429 2907 polos
454 2844 608 2905 magnum
632 2833 663 2885 et
686 2821 823 2908 pedibus
848 2823 912 2883 iam
935 2821 1041 2906 pulsat
1065 2819 1254 2906 Olympum,

257 2927 403 2993 Concilio
426 2928 459 2991 in
484 2928 590 2992 medio
614 2929 773 2992 Divorum
798 2939 829 2993 et
853 2927 998 2992 coetibus
1023 2938 1141 3009 astaus,

173 3059 221 3102 20.
254 3035 344 3100 Inter
367 3035 603 3118 caelicolasque
629 3059 712 3098 nnus
737 3059 795 3098 sua
819 3034 939 3121 gaudia
964 3056 1071 3098 eoram

256 3143 383 3229 Aspieit
408 3141 629 3228 aligerumqne
653 3142 751 3207 ehoro
775 3165 809 3206 se
833 3142 961 3206 lueidus
985 3141 1091 3223 infert,

252 3250 364 3335 Digna
387 3249 493 3314 ferens
517 3249 593 3313 olim
618 3249 716 3314 dueta
741 3251 809 3313 sine
833 3250 968 3313 erimine
993 3248 1067 3311 vita.

255 3356 322 3419 Nos
346 3357 453 3421 miseri
478 3357 633 3419 amissum
659 3357 781 3435 tlemus,
806 3357 901 3442 longe
925 3355 981 3418 ilia
1004 3354 1135 3440 planetu

255 3462 425 3549 Cordaqne
449 3463 593 3549 singultu
617 3465 807 3549 quatientes,
829 3464 934 3527 tristia
958 3462 1065 3527 eorda.

173 3592 221 3635 ss.
254 3570 452 3656 Pectoreque
476 3570 590 3634 aftlieti
615 3573 753 3657 suspiria
778 3571 928 3635 ducimus
952 3592 1058 3656 aegro,

257 3675 291 3742 Si
314 3675 411 3741 lieeat
433 3678 517 3741 tristi
542 3700 653 3742 manes
676 3679 785 3742 exeire
809 3677 957 3764 sepulero

256 3784 363 3869 Atque
386 3785 527 3847 animam
551 3807 663 3848 rursus
687 3785 804 3870 gelidis
827 3783 998 3848 infundere
1022 3781 1188 3845 membris:

254 3889 479 3977 Nequiequam
504 3891 586 3955 etteli
610 3904 793 3956 revocatam
818 3901 965 3978 optamus
990 3888 1030 3953 ab
1055 3912 1124 3952 axe.

255 3996 367 4080 Parce,
390 3997 453 4082 pie,
477 3996 617 4082 Satrium,
642 3997 745 4077 luetu3
769 3999 860 4062 iuvat
884 4020 939 4061 ora
963 3998 1069 4083 rigare

171 4124 220 4167 eo.
255 4102 498 4190 Humentesque
523 4106 613 4167 sinus
638 4104 759 4168 erebris
783 4114 916 4190 quatere
940 4126 1039 4189 usque
1064 4101 1204 4183 querelis

256 4208 470 4296 Solamenque
494 4212 569 4275 mali
594 4211 736 4298 lugendo
760 4234 913 4298 quaerere
936 4211 1026 4274 tanti.

255 4317 350 4380 Anne
374 4317 466 4382 iubes
489 4319 592 4383 oeulis
616 4342 776 4405 quemque
799 4328 856 4382 tua
879 4319 994 4382 funera
1019 4317 1114 4381 sieeis

162 4452 202 4459 —-
211 4454 224 4458 ..
252 4453 324 4458 -.—..

258 4512 266 4540 ¹
286 4514 395 4564 Rectius
417 4517 492 4575 „ne“.
