3016 5310
427 496 630 533 rrrrnmamuu
650 497 837 535 ramocsovrr.
1158 476 1201 545 89

145 569 214 575 .—
228 569 235 575 -
277 568 430 575 ——---—
818 568 1051 575 ——---——..
1067 570 1071 574 .
1092 569 1176 575 -—.

271 582 314 587 -.
375 581 426 586 ----
500 581 543 587 ..--.
558 582 579 587 ...
658 581 723 587 -----
739 582 750 587 .-
783 582 786 587 .
834 580 986 587 ...-.--—--
1012 580 1021 586 -
1090 581 1182 588 ..—=-
1194 582 1199 587 -

58 716 130 759 aaa.
166 692 300 761 Clarum
324 692 438 758 audire
459 692 560 758 decus
583 716 644 759 nec
668 716 702 758 sc
725 693 879 758 inferiora
902 702 1047 759 secutam
1059 698 1078 758 ¹.

255 800 338 866 Inde
361 801 466 866 bonus
489 801 597 886 fando,
621 824 684 888 quo
707 824 772 866 non
796 801 968 868 facundior
991 801 1072 867 alter

165 906 329 975 Sarmatia
352 909 386 972 in
409 930 529 994 magna
552 918 610 993 est,
633 931 694 974 nec
716 908 830 994 lingua
854 908 971 974 cultior
992 909 1079 975 ullus

165 1015 238 1081 Hoc
262 1038 342 1081 aevo
366 1015 436 1101 fuit,
459 1015 547 1080 idem
569 1014 841 1102 prudentissimus
866 1038 959 1101 unua,

164 1124 248 1189 Iusti
271 1122 358 1188 idem
381 1133 478 1211 atque
500 1122 577 1188 boni
601 1145 640 1188 ac
664 1122 969 1189 observantissimus
993 1126 1095 1211 aequi,

60 1254 132 1297 aas.
168 1230 231 1298 Oui
254 1229 346 1296 cordi
368 1240 417 1295 est
438 1231 543 1317 pietas
566 1240 598 1296 et
621 1230 707 1295 flecti
730 1232 841 1296 nescia
864 1232 978 1316 virtus,

165 1339 229 1403 Pro
251 1348 283 1404 te
305 1337 406 1404 verba
430 1338 509 1403 facit
533 1349 645 1403 contra
666 1338 845 1425 laudesque
868 1338 1022 1425 profatur,

165 1445 357 1533 Attollitqne
380 1455 473 1510 tuum
496 1444 593 1511 dictis
617 1445 717 1511 decus
741 1445 870 1511 aethera
894 1446 1023 1532 supra².

255 1554 384 1620 Interea
408 1552 455 1618 sol
479 1575 635 1618 converso
658 1554 738 1640 petit
759 1552 896 1617 humida
919 1552 1009 1619 caelo

166 1662 318 1748 Aequora
340 1670 372 1726 et
393 1660 542 1748 hesperio
566 1661 668 1726 fessas
691 1660 780 1725 lavat
803 1683 898 1725 amne
921 1660 1106 1748 quadrigas,

60 1790 131 1833 aro.
166 1768 305 1856 Noxque
327 1769 392 1832 ruit
415 1778 581 1855 terrasque
605 1769 683 1832 atris
707 1767 912 1856 amplectitur
935 1767 1030 1852 ulnis,

165 1875 209 1942 Et
231 1874 373 1941 thalamo
396 1875 527 1941 dulcem
551 1876 685 1941 veniens
708 1874 765 1940 dat
787 1876 893 1964 prima
916 1876 1064 1963 quietem.

167 2071 177 2102 ¹
195 2071 335 2124 Theodora
353 2073 458 2139 Bogusz
476 2070 603 2136 (Bohusz)
622 2070 728 2122 ridetur
746 2071 830 2122 fuisse
848 2070 966 2122 Lituana
990 2087 1022 2123 ex
1040 2071 1089 2123 illa
1107 2071 1204 2123 ducum

57 2164 85 2213 in
104 2158 198 2228 Obryri
216 2161 308 2228 stirps,
327 2160 397 2212 unde
416 2161 515 2224 evenit,
540 2166 571 2211 ut
589 2159 690 2212 claram
709 2177 774 2212 snae
792 2160 880 2228 gantis
899 2160 1027 2212 feminam
1046 2160 1103 2227 ipsa
1124 2159 1205 2211 Radi-

58 2252 128 2303 vilus
147 2251 269 2303 oratione
287 2248 494 2301 commendarat.
512 2248 626 2301 Accedit
644 2250 713 2316 quod
729 2249 870 2301 Radivilur
884 2249 967 2316 Niger
978 2256 1034 2300 tum
1047 2249 1205 2316 capitaneus

58 2340 208 2393 Brcstansis
227 2339 288 2402 ruit,
306 2338 394 2391 Brosti
414 2345 505 2391 antem
523 2339 634 2405 nuptiae
653 2339 870 2391 celebrabantur.

166 2427 177 2457 ¹
195 2430 222 2480 Is
241 2428 349 2481 videtur
367 2428 451 2480 fuisse
463 2427 614 2480 stanislaus
627 2427 819 2495 tlaoisjowski,
839 2444 918 2494 quom
931 2443 1013 2495 supra
1025 2435 1104 2494 poeta
1117 2443 1141 2478 v.
1154 2424 1205 2479 135

61 2519 190 2571 laudavit.
