3016 5310
780 467 858 501 vuum
877 467 964 500 ROYZH

465 661 508 725 Et
530 660 595 726 late
617 661 652 725 in
674 659 798 725 medios
821 658 1022 746 proiciantur
1045 682 1150 747 agros.

413 769 520 855 Atque
542 767 622 853 lucc,
646 766 745 832 fuerit
768 789 832 853 quo
854 766 984 831 reddita
1005 789 1119 854 poena,
1142 766 1331 832 columnam

467 875 579 962 Erige3
602 874 768 939 vindictae
791 874 833 937 sit
856 895 978 939 memor
1001 874 1059 938 illa
1080 884 1165 939 tuae.

309 1003 380 1047 rra.
415 980 479 1045 llla
501 992 533 1047 et
555 981 726 1046 nobiscum
748 990 781 1045 et
804 1001 879 1044 cum
902 980 1089 1067 posteritate
1111 979 1264 1067 loquatur

466 1089 574 1175 Atque
595 1086 659 1152 hoo
680 1087 801 1152 incisos
825 1096 932 1151 servet
954 1087 990 1151 in
1014 1108 1088 1151 aere
1111 1108 1220 1152 sonos:

412 1195 492 1260 Hic
522 1194 808 1259 dantiscauus
839 1215 912 1281 pro
942 1194 1171 1259 maiestate
1201 1204 1380 1260 senatus

463 1302 597 1367 Laesa
624 1300 696 1366 dat
722 1323 879 1388 poenas
908 1323 1020 1386 sons,
1048 1301 1102 1365 fit
1125 1313 1161 1367 et
1183 1322 1273 1367 esca
1296 1300 1445 1366 foris“¹.

853 1796 896 1864 13.

750 1981 785 2034 Iu
808 1979 999 2035 Clefeldum².

862 2142 888 2206 I.

413 2266 560 2353 Olefeldi,
583 2268 688 2333 fertur
711 2267 796 2331 male
818 2276 850 2332 te
874 2276 1049 2353 aegrotare,
1073 2267 1130 2332 sed
1153 2267 1242 2332 istud

465 2376 535 2440 Neo
557 2376 721 2463 populum,
745 2374 802 2439 sed
826 2396 886 2439 uec
910 2374 1050 2456 credere,
1074 2374 1178 2459 crede,
1201 2383 1321 2461 patres.

411 2482 551 2547 Credere
574 2505 634 2546 neo
659 2481 755 2546 crede
778 2483 973 2567 Augustum,
998 2483 1025 2546 si
1049 2481 1137 2547 dicat
1160 2480 1289 2568 Apelle,

466 2590 594 2674 Quique
617 2589 694 2652 olim
717 2589 804 2652 vitae
828 2587 970 2652 reddidit
994 2589 1210 2677 Hippolytum
1222 2595 1242 2654 ³.

353 2719 378 2761 a.
411 2696 542 2759 Mentiri
564 2696 662 2761 liceat
683 2695 820 2760 medicis
844 2695 902 2760 abs
926 2706 957 2760 te
980 2719 1054 2761 acre
1076 2696 1261 2783 redemptis,

464 2804 572 2889 Atque
595 2803 629 2866 in
652 2813 684 2867 te
709 2812 839 2867 centum
863 2802 1080 2890 multiplicare
1104 2803 1220 2868 febres.

413 2910 462 2973 No
485 2932 559 2974 reus
583 2911 725 2996 Augusti
748 2919 780 2973 tc
803 2910 898 2973 sistas
922 2922 996 2974 ante
1019 2910 1172 2993 tribunal,

467 3017 568 3082 Caius
593 3027 802 3103 conspectum
825 3016 947 3103 perfide
971 3018 1056 3082 ferre
1079 3020 1202 3104 nequis,

413 3125 508 3188 Vana
531 3123 586 3187 alii
610 3123 651 3187 de
674 3134 706 3187 te
728 3123 868 3210 fingunt3
893 3147 949 3189 sau
973 3147 1052 3189 vera
1074 3125 1257 3212 loquantur,

332 3250 380 3293 ro.
462 3231 594 3316 Integra
618 3231 682 3294 sint
705 3230 779 3313 illis,
803 3253 854 3295 mc
878 3231 958 3295 nihil
981 3233 1044 3296 ista
1067 3242 1206 3296 movent.

413 3337 466 3400 An
489 3337 549 3401 tibi
573 3339 614 3401 sit
638 3337 748 3422 febris,
771 3337 918 3422 clefolai,
943 3349 977 3402 ut
1001 3340 1122 3405 nescio:
1147 3362 1257 3425 regem

468 3442 523 3509 Sic
546 3446 613 3509 scio
636 3446 671 3507 in
695 3446 881 3529 Augustum
905 3447 1061 3532 estquod
1085 3447 1144 3512 tibi
1168 3447 1259 3511 nulla
1283 3447 1374 3513 fides.

856 3640 899 3703 ll.

415 3760 562 3845 Clefeldi
585 3763 669 3827 male
692 3774 723 3828 te
747 3766 857 3829 valere
881 3765 994 3829 dicunt

415 3867 566 3952 Quidam,
591 3869 646 3933 scd
670 3882 767 3957 nogat
791 3874 895 3936 omnis
919 3872 1003 3959 aula,
1026 3883 1143 3959 putueo,

416 4095 484 4145 ¹Ad
503 4096 605 4147 calcem
629 4095 708 4144 huius
733 4092 859 4144 carminis
884 4107 949 4141 voca
977 4089 1068 4152 „finir‘
1094 4088 1232 4152 adscripta
1249 4085 1372 4138 libellum
1391 4096 1442 4150 (pg.

308 4183 462 4248 280-296)
480 4185 626 4249 separatim
644 4183 769 4233 emissum
788 4197 845 4232 esso
865 4186 984 4245 apparet.

416 4271 522 4323 ’Corn
543 4272 594 4325 130
611 4295 635 4314 =
661 4288 711 4321 oss.
737 4270 772 4321 50
791 4286 828 4334 sq.
856 4269 999 4331 Closeldus‚
1026 4267 1129 4319 Godani
1148 4267 1302 4331 praefectus
1326 4263 1445 4330 (burgra-

308 4362 373 4430 bia),
393 4363 435 4413 cui
455 4363 590 4427 Augustus
609 4361 650 4410 ius
670 4359 766 4410 classis
779 4376 843 4410 suae
863 4359 1038 4419 commiserat,
1059 4356 1165 4407 videtur
1177 4353 1363 4420 praetendisse
1376 4353 1446 4405 vals·

307 4451 436 4514 tudinem,
448 4465 482 4500 ne
495 4449 530 4500 ad
543 4450 652 4502 comitia
665 4449 827 4500 lublineusia
840 4448 873 4498 ad
887 4463 996 4498 causam
1009 4445 1151 4497 dicendam
1163 4444 1385 4510 proficisceretur.

415 4537 425 4568 ⁸
443 4541 627 4605 Aesculapius.
