3016 5310
680 475 836 512 nultum,

77 695 78 699 ’
188 673 374 737 canonico“.
400 711 441 718 —
466 671 726 758 Manuscriptum
749 671 844 756 hunc,
868 694 963 759 quem
988 673 1139 738 lauccius
1163 674 1197 736 in
1215 673 1328 739 biblio-

186 778 282 844 theca
304 777 468 865 quondam
493 776 679 843 zalusciana
702 772 883 845 Varsoviae
906 779 999 863 vidit,
1031 778 1227 866 titulumque
1250 781 1328 864 eius,

189 897 223 950 ut
255 908 353 971 supra
385 885 476 968 dedi,
509 885 697 972 descripsit,
728 908 817 951 nunc
840 885 1017 973 Petropoli,
1049 910 1112 973 quo
1143 887 1329 951 zalusciana

186 992 344 1058 translata
357 1003 440 1076 sunt,
456 992 646 1057 delitescere
657 992 836 1057 verisimile
847 1005 904 1058 est.
922 993 1069 1058 Alterum
1083 1015 1164 1081 opus
1176 992 1329 1081 aRoyzio

187 1100 292 1164 soluta
314 1101 460 1164 oratione
482 1117 569 1164 anno
592 1111 664 1186 post
688 1102 901 1187 compositum
925 1114 1021 1187 atque
1044 1122 1072 1165 a.
1099 1102 1184 1165 1563
1207 1101 1328 1167 Gracc»

186 1209 261 1272 viae
283 1209 372 1295 typis
396 1206 520 1271 editum
542 1209 588 1271 ita
611 1208 815 1272 inscribitur:
850 1209 1061 1293 ,Decisioncs
1091 1207 1180 1272 Petri
1214 1208 1328 1296 Roynii

186 1315 312 1379 Maurei
336 1313 584 1400 Aloagnicensis
616 1316 697 1400 regii
728 1315 951 1379 iurisconsulti
980 1315 1142 1380 derebus
1173 1315 1208 1378 in
1237 1336 1329 1380 sacro

186 1422 348 1487 auditorio
364 1422 520 1486 lituenico
535 1443 577 1487 ex
593 1421 808 1508 appellatione
824 1422 985 1486 iudicatis.
1009 1421 1061 1486 Ad
1079 1419 1328 1508 Sigiamundunr

187 1531 391 1616 Augustum,
418 1528 570 1594 Poloniae
592 1551 719 1613 regem,
749 1530 929 1616 principem
952 1531 1110 1617 optimum
1137 1530 1329 1593 maximum.

184 1638 366 1704 Oracoviae
389 1636 571 1702 excedebat
595 1636 778 1700 Matthaeus
802 1635 1044 1725 Siebeneycher
1058 1658 1144 1700 anno
1164 1635 1330 1701 aOhristo

186 1738 257 1809 Deo
281 1753 447 1809 servatore
470 1756 547 1807 nato
570 1745 665 1807 tertio
695 1756 727 1808 et
758 1746 960 1829 sexagesimo
990 1764 1089 1831 supra
1119 1743 1328 1808 millesimum

183 1863 217 1915 et
232 1852 537 1937 quingentesimum,
554 1873 665 1915 mense
680 1851 805 1937 aprili“.
829 1851 911 1915 Inde
927 1874 947 1915 a
963 1850 1107 1916 secunda
1122 1851 1199 1917 libri
1215 1852 1330 1917 charta

186 1958 353 2044 usquead
378 1957 584 2022 undecimam
608 1959 826 2043 praemittitur
848 1959 937 2044 operi
961 1959 1099 2046 epistula
1129 1954 1170 2022 ab
1195 1969 1327 2024 auctore

186 2064 227 2129 ad
252 2084 362 2151 regem
394 2064 447 2128 die
473 2066 544 2129 eius
567 2064 667 2128 natali
692 2063 793 2129 Vilna
823 2088 851 2129 a.
877 2066 962 2130 1562
987 2065 1075 2150 data,
1107 2067 1264 2152 variaque
1288 2066 1328 2130 de

185 2173 266 2236 iuris
289 2173 448 2260 imprimis
471 2174 595 2235 romani
620 2174 819 2254 auctoritate,
847 2171 1020 2237 derorum
1045 2173 1197 2237 Poloniao
1220 2171 1328 2260 publi·

185 2300 298 2344 carum
323 2279 514 2344 condicione
537 2278 640 2365 deque
673 2281 773 2367 ipsius
804 2281 947 2345 auctoris
980 2301 1116 2366 persona
1147 2283 1328 2346 continens.

184 2388 373 2473 Sequuntur
396 2388 536 2473 quinque
567 2387 749 2452 decisiones
779 2385 913 2452 totidem
944 2387 1037 2453 libris
1069 2389 1243 2474 expositae.
1274 2384 1328 2452 Ad

183 2494 310 2559 calcem
333 2493 466 2558 additur
489 2493 761 2580 locupletissimus
784 2514 894 2560 rerum
918 2495 1027 2560 index.
1051 2496 1143 2582 Opus
1158 2495 1231 2579 hcc,
1254 2516 1329 2560 eru·

183 2601 307 2666 ditione
330 2600 471 2688 plenum,
495 2602 643 2666 criticum
669 2603 749 2665 iuris
773 2603 913 2688 peritum
936 2602 1108 2686 desiderat
1132 2603 1327 2688 gravitatem

184 2719 293 2773 tamen
325 2709 612 2795 auctoritatemque
642 2710 712 2772 eius
743 2709 777 2772 id
808 2708 954 2774 indicare
986 2709 1124 2794 videtur,
1158 2709 1246 2796 quod
1278 2711 1329 2775 bis

184 2827 304 2903 postea,
327 2817 467 2901 primum
492 2815 700 2880 Francofurti
729 2815 769 2879 ad
794 2816 836 2880 M.
860 2840 888 2880 a.
914 2818 1000 2882 luto
1031 2817 1117 2902 apud
1148 2817 1328 2881 Martinum

184 2921 396 3006 Lechlerum,
431 2922 549 2987 deinde
580 2932 652 3008 post
682 2933 818 2987 mortem
849 2924 966 3012 Royzii
1000 2946 1027 2987 a.
1061 2926 1148 2988 1572
1180 2924 1329 2989 Venetiis

185 3028 271 3116 apud
295 3028 578 3094 Bartholomaeum
601 3029 768 3095 Rubinum
792 3053 949 3095 excusum
970 3043 1026 3095 est.
1050 3031 1139 3112 Quid
1156 3054 1234 3095 vero
1251 3054 1329 3096 con-

184 3133 269 3200 ferat
292 3135 333 3199 ad
357 3135 516 3200 iudicium
540 3137 580 3200 de
603 3137 804 3201 humanitate
827 3137 1039 3224 doctrinaque
1064 3139 1177 3225 Rnyzii
1206 3137 1329 3201 consti·

183 3243 350 3327 tuendum,
374 3243 461 3306 infra
484 3254 575 3330 parte
600 3247 747 3330 proxima
770 3245 940 3310 adnotabo,

291 3350 426 3415 Restant
449 3352 597 3414 carmina
620 3373 639 3414 a
662 3351 785 3439 Royzio
805 3354 838 3415 in
856 3351 989 3416 Polonia
1005 3354 1135 3438 scripta,
1158 3375 1242 3438 quae
1259 3352 1329 3417 sola

179 3457 246 3522 'hac
272 3457 414 3523 editione
445 3469 643 3544 repetuntur.
683 3459 804 3523 Eorum
836 3461 993 3524 minorem
1024 3472 1149 3546 partem
1181 3460 1328 3549 Royzius

178 3566 272 3653 typis
289 3566 466 3650 evulgavit,
490 3565 592 3630 multo
609 3568 763 3630 maiorem
780 3589 875 3630 manu
894 3566 997 3631 solum
1014 3569 1169 3653 scriptam
1186 3567 1327 3654 reliquit

182 3673 287 3761 Typis
317 3672 480 3736 editorum
510 3672 620 3737 titulos
651 3675 930 3760 condicionesque,
960 3675 1112 3760 quoniam
1144 3676 1178 3738 in
1209 3675 1327 3761 polona

184 3800 256 3843 mea
273 3779 313 3844 de
329 3780 452 3867 Royzio
468 3778 694 3845 dissertatione
711 3782 814 3862 (Orac.
832 3782 928 3865 1897,
944 3805 995 3867 pg.
1005 3783 1047 3847 88
1058 3805 1161 3868 sqq.=
1172 3782 1235 3847 128
1246 3786 1327 3870 sqq.)

183 3897 336 3950 accurate
360 3886 517 3974 descripsi
541 3911 651 3974 eaque,
674 3909 757 3974 quae
779 3889 922 3953 maxime
942 3888 987 3952 ad
1012 3911 1080 3952 rem
1098 3891 1260 3975 pertinere
1275 3892 1327 3954 vi-

182 3993 311 4076 dentur,
342 3995 439 4057 etiam
463 3993 524 4058 hoc
547 3993 631 4057 libro
659 3997 776 4081 partim
810 4018 908 4081 supra
939 3998 972 4058 in
1004 3997 1091 4060 vitae
1121 3995 1239 4084 Royuii
1269 3997 1328 4063 de-

184 4101 369 4186 scriptione,
385 4103 503 4186 partim
519 4103 553 4165 in
566 4101 828 4167 adnotationibus
840 4102 926 4165 infra
942 4103 1028 4166 edito
1043 4113 1134 4166 textu
1151 4103 1327 4189 adscriptis

185 4207 310 4272 idoneis
334 4207 415 4271 locis
438 4207 587 4293 exhibui,
618 4208 774 4274 hocloco
798 4221 940 4296 repetere
964 4231 1243 4295 supervacaneum
1267 4232 1328 4297 pu·

183 4315 261 4378 tavi.
301 4313 387 4378 Illud
419 4337 533 4379 moneo
564 4339 583 4379 a
614 4316 738 4405 Royaio
769 4316 845 4381 inde
875 4318 916 4381 ab
948 4339 976 4381 a.
1003 4319 1088 4381 1543
1119 4317 1160 4381 ad
1185 4339 1213 4381 a.
1242 4320 1322 4383 1861

181 4419 443 4507 quattuordecim
467 4421 656 4510 plerumque
680 4426 802 4489 maiora
826 4427 971 4488 carmina
996 4445 1138 4489 seorsum
1163 4422 1325 4489 inlunem

181 4550 254 4592 esse
279 4529 378 4592 misse
400 4528 462 4593 hoe
485 4529 553 4594 fere
576 4533 729 4618 temporis
752 4531 878 4596 ordine:
