3016 5310
687 485 845 521 enarrarre.
1299 471 1336 520 In

1008 567 1337 575 ————---—-—-

258 750 294 807 V.
316 748 427 834 Royatt
447 749 581 822 scripta,
602 765 761 822 quaenam
781 749 982 809 innotuerint
1001 753 1116 822 etqua
1135 749 1264 808 ratione

299 839 300 842 ’
645 841 780 897 servata
800 839 876 896 sint.

294 1000 467 1087 Royziuru,
490 1023 567 1066 curn
591 1003 679 1066 circa
702 1000 989 1087 quadragesimum
1013 1001 1144 1065 demum
1166 1002 1254 1065 vitae
1277 1023 1335 1066 au-

192 1130 266 1171 num
296 1107 492 1173 Oracoviam
525 1109 668 1173 venisset
699 1109 857 1194 brevique
886 1107 1098 1194 amplioribus
1133 1108 1335 1172 carminibus

189 1214 283 1279 editis
307 1215 510 1298 innotuisset,
534 1215 622 1279 vires
646 1238 722 1279 snas
745 1216 812 1278 iam
828 1225 903 1279 ante
918 1214 1097 1279 adventum
1116 1215 1150 1278 in
1168 1213 1335 1279 Poloniam

190 1322 220 1385 in
243 1322 336 1407 poesi
358 1332 529 1408 expertum
552 1343 624 1386 esse
647 1332 678 1386 et
702 1320 799 1386 facile
823 1323 1028 1408 suspicamur
1050 1333 1082 1386 et
1105 1321 1235 1386 disertis
1258 1320 1335 1386 edo-

189 1450 301 1492 cemur
324 1427 465 1493 indiciis.
503 1428 599 1494 Certe
621 1427 722 1492 tradit
746 1428 927 1492 Andresius
950 1451 1025 1492 eum
1048 1429 1225 1511 etiamtum,
1257 1449 1332 1492 cum

189 1535 219 1597 in
244 1533 344 1598 Italia
368 1547 631 1616 commoraretur,
664 1535 884 1620 composuisse
907 1545 939 1598 et
963 1535 1067 1599 maius
1093 1556 1209 1620 poema
1230 1533 1335 1620 quod-

188 1640 279 1722 dam,
311 1643 406 1706 cuius
430 1665 471 1706 ne
494 1641 608 1705 titulus
631 1640 764 1728 quidem
787 1641 881 1707 nobis
905 1653 1000 1706 notus
1023 1652 1085 1724 est,
1116 1651 1149 1706 et
1171 1643 1334 1727 epigram-

189 1761 290 1830 mata,
322 1771 460 1834 quorum
484 1772 560 1835 pars
584 1751 682 1814 etiam
706 1751 794 1837 typis
824 1750 859 1812 in
891 1747 987 1812 Italia
1010 1748 1097 1813 edita
1120 1759 1204 1812 esset
1236 1747 1333 1831 (conf.

189 1878 286 1941 supra
302 1878 372 1940 par.
388 1856 413 1940 I,
430 1879 482 1942 pg.
498 1856 573 1938 XI).
597 1855 661 1922 Sed
685 1855 766 1920 baec
790 1866 846 1919 aut
868 1854 1035 1941 deperiere
1058 1866 1115 1919 aut
1138 1854 1334 1919 delitescunt

188 1963 219 2025 in
233 1960 456 2043 bibliothecis3
479 1964 543 2028 mei
567 1963 699 2049 quidem
723 1973 858 2028 conatus
874 1984 913 2026 ea
929 1961 1132 2048 adipiscendi
1148 1962 1189 2026 ad
1202 1963 1332 2026 irritum

189 2069 311 2134 redacti
335 2080 420 2134 sunt.
444 2070 539 2136 Certe
563 2092 602 2135 ea
622 2070 783 2133 advitam
798 2068 914 2158 Royzii
931 2070 1117 2134 accuratius
1133 2090 1333 2154 cognoscen-

188 2175 260 2240 dam
285 2176 412 2263 aliquid
435 2178 551 2242 afferre
574 2187 757 2264 potuerunt,
781 2175 894 2240 abesse
917 2176 1031 2240 eadem
1055 2176 1096 2240 ub
1112 2174 1174 2240 hac
1191 2175 1331 2242 editione

190 2285 293 2348 minus
317 2295 367 2348 est
390 2283 567 2349 dolendum
591 2284 816 2370 reputantibus
841 2285 995 2365 carmina,
1019 2283 1054 2346 in
1074 2282 1172 2348 Italia
1195 2307 1214 2346 a
1238 2294 1331 2369 poeta

188 2390 335 2477 Hispano
367 2391 425 2456 vix
456 2402 526 2454 tum
557 2413 592 2454 se
623 2389 665 2453 ad
697 2390 835 2455 Polonos
867 2392 1083 2476 migraturum
1119 2389 1331 2476 praevidente

189 2498 373 2583 composita,
395 2499 552 2561 terminos
579 2497 676 2561 huius
707 2498 852 2584 corporis
883 2498 949 2562 sere
972 2496 1140 2562 excedere.
1179 2497 1330 2563 Ceterum

187 2602 281 2668 huius
305 2605 452 2669 iacturae
475 2604 576 2688 dolor,
600 2627 641 2669 ne
664 2605 762 2667 nimis
779 2614 946 2689 augeatur,
971 2606 1038 2689 ipse
1055 2614 1149 2690 poeta
1164 2603 1330 2668 dehortari

187 2711 326 2795 ridetur,
348 2713 405 2797 qui
428 2734 598 2796 nusquam,
621 2734 663 2776 ne
686 2712 857 2776 occasione
876 2710 1008 2796 quidem
1024 2710 1110 2795 duta,
1134 2733 1209 2774 cum
1227 2710 1330 2776 multa

187 2820 271 2883 vitae
294 2829 371 2882 ante
394 2818 573 2884 adventum
597 2820 630 2882 in
655 2817 822 2882 Poloniam
846 2828 939 2882 actae
955 2830 1192 2902 commemoret,
1216 2819 1330 2904 primi-

186 2926 302 2989 tiorum
327 2947 440 2990 musae
464 2948 542 2990 suae
565 2925 653 2989 illius
677 2927 831 3011 temporis
855 2925 955 2989 faciat
978 2925 1183 2990 mentionem.

290 3032 363 3096 Iam
387 3054 500 3098 eorum
524 3033 558 3094 in
582 3055 726 3116 numero,
750 3055 832 3118 quae
863 3031 949 3118 apud
978 3031 1115 3096 Polonos
1139 3034 1328 3118 composuit,

185 3139 248 3205 duo
272 3150 366 3204 eraut
388 3161 486 3225 opera
510 3160 607 3225 prosa
622 3141 766 3203 oratione
782 3140 917 3225 scriptu,
941 3161 1024 3225 quae
1040 3140 1192 3225 quoniam
1208 3141 1250 3203 ab
1266 3139 1329 3205 hac

184 3247 366 3311 carminum
391 3245 532 3311 editione
555 3245 661 3311 aliena
685 3257 777 3330 sunt,
808 3246 869 3311 hoc
901 3246 1016 3311 saltem
1046 3246 1118 3310 loco
1141 3247 1327 3311 accuratius

181 3352 370 3419 describere
392 3351 509 3439 placet.
532 3351 689 3437 Alterum,
713 3376 812 3416 mauu
833 3353 937 3417 solum
954 3353 995 3416 ad
1011 3354 1175 3439 privatum
1192 3354 1328 3439 capituli

181 3459 402 3526 mednieensis
426 3482 522 3523 usum
546 3461 712 3545 scriptum,
732 3459 819 3525 hunc
832 3459 962 3524 titulum
979 3459 1196 3546 praeferebat:
1223 3461 1328 3546 ,Gon-

180 3568 366 3632 stitutiones
389 3565 548 3631 ecclesiae
572 3566 769 3631 cathedralis
794 3566 1012 3631 mednieensis
1039 3590 1097 3631 seu
1121 3567 1328 3651 Samogitiae.

180 3673 249 3741 Sub
274 3673 479 3758 Sigismundi
499 3674 642 3758 Augusti
659 3675 853 3759 principatu,
878 3675 934 3738 Pio
950 3674 1000 3738 IV
1016 3674 1167 3760 pontifice
1182 3675 1326 3739 maximo

178 3780 221 3844 ad
245 3803 410 3864 romanae,
434 3781 557 3845 loanne
580 3775 766 3846 Pierembio
789 3780 831 3844 ad
855 3782 1055 3866 gnesnensis,
1079 3780 1201 3844 Ioanne
1216 3792 1325 3846 autern

180 3888 389 3953 Domanovio
419 3887 462 3951 ad
489 3887 586 3951 huius
610 3887 829 3952 mednieensis
860 3911 915 3953 seu
949 3888 1145 3971 Samogitiae
1168 3886 1326 3955 ecelesiae

181 3993 406 4080 gubernacula
430 3994 571 4078 sedente,
600 4017 685 4059 anno
710 4007 782 4082 post
805 3995 971 4062 Christum
995 3995 1104 4059 Deum
1128 4005 1325 4062 servatorem

181 4113 328 4167 nostrum
360 4113 472 4166 natum
504 4103 609 4188 primo
640 4114 671 4166 et
703 4105 906 4188 sexagesimo
938 4123 1036 4187 supra
1067 4099 1264 4166 milesimum
1294 4114 1326 4169 et

181 4209 487 4294 quingentesimum,
503 4231 614 4273 mense
630 4209 815 4295 septembri.
838 4212 982 4274 Auctore
998 4208 1177 4272 reverendo
1194 4208 1325 4275 domino

182 4314 277 4381 Petro
299 4315 424 4403 Royuio
438 4300 582 4380 'Maureo
602 4315 775 4399 Celtibem,
800 4317 871 4381 viro
891 4316 1037 4403 patricio,
1061 4316 1150 4401 regio
1164 4316 1325 4379 iuriscon-

178 4421 265 4488 ,sulto
287 4434 386 4509 atque
405 4421 591 4487 consiliario
607 4423 783 4510 eodemque
802 4424 1019 4510 protonotario
1035 4420 1211 4508 apostolico
1227 4431 1324 4507 atque

181 4530 298 4595 comite
321 4527 474 4617 palatino,
503 4529 665 4616 huiusque
694 4529 851 4595 ecclesiae
883 4528 1080 4595 cathedralis
1102 4527 1323 4596 mednieensis

1165 4653 1219 4702 lv*
