3016 5310
699 461 776 504 raam
795 455 883 505 aaran

424 538 441 546 ιι
467 536 592 547 .-.ω-ᾳ...-
600 542 631 547 -..-
647 542 657 547 -

423 662 641 750 Iagelloneam
665 686 794 727 rursum
818 663 1099 749 austriacamque¹
1124 662 1233 748 iugari

256 791 301 833 15.
337 768 475 834 Gentem
499 771 708 835 famarefert
731 781 762 835 et
785 770 869 834 laeto
893 771 1027 833 nuntius
1050 793 1113 834 ore.

425 877 533 941 Huius
557 900 676 962 magna
698 877 757 941 tibi
780 878 862 940 tanti
887 887 949 940 stat
973 876 1077 963 gloria
1100 876 1190 960 facti,

337 984 416 1048 Dux
439 983 620 1067 Radivile2,
644 984 808 1070 decusque
831 984 915 1047 feres
939 1005 996 1069 per
1020 982 1150 1046 saecula
1175 1003 1317 1068 magnuu

336 1090 462 1155 Felices
485 1089 544 1154 hos
568 1103 601 1153 tu
626 1089 793 1173 thalamos,
817 1089 897 1154 haec
921 1089 1052 1154 foedera
1074 1099 1206 1174 tractas,

336 1195 440 1261 Grata
461 1197 532 1261 Deo
556 1209 587 1261 et
610 1198 698 1283 genti
723 1195 861 1260 multum
884 1205 1036 1283 exoptata
1059 1194 1205 1282 polonae.

255 1332 261 1348 ·
296 1354 303 1367 .
337 1304 394 1367 Dii
419 1305 552 1388 utinam,
576 1327 713 1391 quorum
737 1327 801 1367 non
824 1303 905 1368 haec
929 1304 998 1367 sine
1022 1303 1155 1367 numine
1180 1311 1269 1367 certo

336 1410 469 1495 Moliris‚
493 1411 605 1475 faciles
629 1411 688 1474 tibi
712 1409 822 1476 debita
844 1410 988 1496 praemia
1010 1407 1162 1473 reddant!

336 1517 406 1580 lam
430 1519 494 1580 iam
518 1517 630 1601 aderit,
654 1518 750 1581 certis
775 1539 868 1581 sacra
890 1517 946 1603 qui
971 1515 1111 1580 conubia
1134 1513 1255 1578 vinclis

335 1623 458 1687 Firmet
481 1635 512 1687 ct
535 1623 699 1687 alternans
722 1622 817 1686 nodis
841 1621 1006 1688 devinciat
1029 1623 1109 1686 artis

335 1729 390 1813 Te,
414 1728 598 1814 catharina,
621 1741 742 1816 patene,
766 1753 830 1816 qua
854 1752 957 1815 nuper
980 1729 1139 1794 Mantua³
1161 1750 1284 1815 paucos

295 1887 301 1900 .
338 1834 439 1899 Laeta
462 1835 531 1900 dies
554 1836 696 1901 thalamo
719 1837 870 1901 exstincti
894 1836 1050 1900 decedere
1073 1834 1164 1901 flevit

336 1942 461 2006 Maesta
485 1941 579 2007 ducis
603 1942 808 2029 lacrimisque
832 1942 1005 2007 abeuntem
1027 1951 1058 2006 et
1081 1963 1161 2006 voce
1182 1949 1294 2006 secuta

334 2049 381 2113 Te
404 2049 495 2112 fandi
519 2072 649 2133 guarna,
672 2049 748 2113 fidei
772 2051 925 2115 secretior
948 2049 1031 2113 altae

335 2156 457 2240 Regius
481 2156 623 2240 antistes,
646 2156 741 2220 docto
763 2156 995 2222 Prerembius⁴
1017 2179 1072 2221 ore

335 2262 475 2347 Augusti
501 2262 654 2326 mandata
678 2264 794 2347 serene,
817 2265 931 2328 efferre
953 2265 1096 2351 paternis

294 2421 300 2435 .
337 2370 493 2435 Gressum
517 2382 584 2436 oret
608 2373 700 2436 tectis
725 2373 909 2458 sociamque
933 2372 1088 2437 accedere
1111 2373 1205 2459 regni

335 2478 441 2564 Atque
464 2480 568 2542 omnis
592 2480 742 2543 comitem
766 2480 852 2543 vitae
875 2480 1077 2565 properantis
1100 2489 1132 2544 et
1155 2480 1238 2563 aevi,

336 2585 379 2648 Ut
404 2607 500 2670 quam
525 2610 613 2672 spem
637 2597 730 2672 rapta
753 2585 884 2650 Elisabe
908 2610 994 2651 mors
1018 2596 1093 2651 ante
1117 2585 1206 2651 diem
1228 2596 1301 2649 trux

335 2691 485 2777 Abrupit
509 2694 575 2755 sato
598 2693 732 2757 thalami
756 2693 886 2757 meliore
909 2716 1054 2780 reponas.

425 2799 486 2862 Eia
510 2822 569 2884 age
592 2822 705 2886 rumpe
729 2822 844 2885 moras,
867 2800 1042 2885 Prerembi‚
1065 2801 1201 2864 nuntius
1225 2800 1276 2864 isti

295 2955 301 2968 .
338 2903 402 2983 Qui
426 2906 575 2991 Augusto
598 2908 699 2970 tristis
723 2908 805 2992 rapti
829 2906 870 2970 de
893 2908 1007 2972 funere
1030 2909 1131 2994 patris

335 3011 493 3076 Cracovia
517 3014 670 3076 Litavum
694 3013 735 3077 ad
759 3014 839 3078 fines
863 3024 895 3078 et
919 3014 1038 3100 frigida
1061 3037 1163 3101 regna
1174 2995 1212 3101 ⁵,¹

335 3118 415 3182 Feta
438 3118 522 3204 gelu,
548 3160 586 3168 -
614 3143 701 3185 nunc
724 3118 809 3185 laeta
833 3121 930 3185 obeas
953 3121 1030 3185 data
1052 3123 1166 3186 munia
1189 3122 1290 3187 laetus

334 3224 554 3312 Conubiisque
577 3228 663 3291 insta
686 3237 717 3291 et
741 3228 905 3292 Fcrnandi
929 3228 1043 3292 limina
1065 3230 1152 3315 regis

333 3333 439 3395 Patris
463 3333 526 3418 adi,
549 3345 644 3398 natae
668 3336 721 3399 cui
744 3335 854 3398 vincla
876 3335 1000 3421 iugalia
1022 3358 1134 3400 curae:

294 3490 299 3501 .
336 3439 481 3526 Utraque
505 3442 664 3527 coniugiis
688 3443 803 3505 iterum
829 3465 862 3506 se
886 3443 975 3529 regia
998 3443 1121 3529 iungat.

335 3546 544 3611 Sauromatae
566 3548 628 3612 hoc
651 3571 762 3612 onmes
785 3559 897 3635 optant
920 3549 1123 3638 populusque
1145 3560 1314 3638 patresque

333 3655 383 3718 Ac
407 3676 465 3719 rex
489 3655 612 3740 ingenti
635 3656 701 3717 iam
725 3654 850 3718 dudum
874 3678 1031 3721 accensus
1054 3680 1172 3722 amore.

334 3761 405 3824 Hoc
428 3773 528 3846 pater,
551 3760 613 3826 hoc
636 3762 714 3826 velit
738 3784 776 3826 ac
800 3764 883 3827 votis
907 3787 972 3828 non
995 3763 1118 3829 abnuat
1141 3767 1264 3853 aequis.

228 3871 433 3878 ψ...-

334 3905 342 3933 ¹
363 3905 410 3956 Ed.
431 3907 672 3973 ‚‚aetriacamque“.

333 3992 411 4045 'Est
428 3996 568 4047 Radivilus
588 3998 678 4063 Niger,
697 3998 833 4063 palatinus
853 3999 994 4050 Vilueneis.
1015 3999 1091 4051 Ocni.
1111 3999 1252 4064 Geniali,
1280 3999 1317 4053 Da

225 4101 248 4132 w
268 4086 340 4147 lion,
358 4084 456 4143 Sanok,
479 4084 555 4145 1855,
575 4103 618 4152 pg.
638 4086 671 4137 41
692 4104 748 4154 sqq.

332 4170 507 4224 'catharina
526 4182 584 4225 erat
603 4177 716 4241 primum
736 4185 821 4242 nupta
840 4179 991 4245 Gonnagaa
1012 4178 1074 4230 duci
1095 4179 1232 4231 Mantuae.

330 4261 474 4313 ‘loannes
493 4265 563 4314 euim
588 4266 780 4330 Praerembeki‚
806 4268 1045 4318 vicecancellarius
1070 4269 1148 4335 regni
1169 4267 1317 4333 (mou-12

223 4367 355 4403 unacum
377 4352 497 4403 liadivilo
518 4353 690 4406 vindobonae
717 4355 749 4406 de
774 4357 874 4422 nuptiis
894 4357 1057 4408 catharinae
1081 4357 1153 4424 regie
1175 4361 1308 4426 regnique

224 4441 295 4491 mine
314 4443 532 4507 paciscebantur.

332 4528 437 4585 ‘Cani
457 4534 506 4597 lll,
527 4530 569 4598 11,
590 4549 615 4584 v.
633 4532 677 4586 53.
