3016 5310
155 896 175 936 l.

376 462 499 497 nesromn
522 462 648 496 eusenius
668 462 693 494 rs
713 462 763 494 unu
784 459 934 495 suusmsm
954 461 970 494 r.
1184 445 1250 509 113

209 660 374 744 Dogmata
397 657 561 741 confingit.
586 656 662 721 colit
685 655 747 721 hie.
771 655 856 742 quod
881 656 1018 743 despicit
1043 656 1109 735 ille;

208 765 269 831 Ille
291 789 366 830 suos
388 765 495 847 trahit,
519 764 573 829 illc
598 787 681 827 suns.
713 764 853 828 Diversa
876 766 978 829 secuti

213 872 409 955 Scindimur‚
433 883 464 935 et
488 871 652 936 Christum
676 895 741 934 nnn
765 870 879 934 iisdem
904 870 1031 956 legibus
1055 895 1157 935 unum

212 979 342 1044 Diversi
366 979 554 1065 accipimus.
585 978 759 1063 Variisquc
782 978 945 1042 erroribus
968 980 1030 1044 acti

213 1086 423 1168 Dumnamus
447 1084 631 1148 laudamus:
656 1096 742 1148 amnt
766 1108 822 1148 suu
848 1085 967 1169 vulgus
990 1095 1021 1148 ct
1044 1095 1139 1148 ternu.

212 1192 311 1257 Nulla
335 1191 494 1256 sacerdoti
517 1193 710 1272 reverentiu3
736 1215 798 1255 non
824 1203 928 1256 metus
952 1192 1038 1255 ullus

213 1300 403 1364 Pontificem
427 1300 582 1384 agnoscit.
615 1299 689 1377 Qua
712 1301 848 1385 quisquc
870 1299 1006 1364 libidine
1030 1310 1143 1385 ruptus

155 1429 178 1470 5.
212 1406 338 1483 Fertur,
363 1407 386 1470 it
409 1405 474 1469 huc
498 1428 652 1491 praeceps
676 1408 872 1493 impuneque
897 1429 990 1470 sacra
1013 1407 1138 1490 fatiget,

214 1514 424 1599 Devotusque
446 1512 523 1576 clim
547 1512 650 1576 eredit
673 1512 816 1577 ludibria
840 1512 937 1576 diras.

215 1618 327 1684 Redde
349 1620 421 1683 Deo
445 1620 584 1703 meritos,
609 1641 689 1702 quos
715 1619 848 1683 abstulit
871 1642 967 1704 error,
991 1618 1139 1699 honores,

215 1727 450 1812 Dissectueque
474 1726 571 1791 urbes
594 1726 726 1790 turbant
750 1736 781 1792 et
806 1726 923 1791 mobile
947 1726 1099 1791 saeclum.

214 1832 319 1912 Quale
343 1832 443 1898 decus
467 1834 605 1919 templis,
629 1856 703 1898 cum
728 1835 843 1898 Petrus
866 1834 1030 1898 Buricna¹
1054 1832 1219 1921 quondum

173 1991 180 2003 .
215 1940 298 2006 Cum
323 1941 428 2025 sociis,
450 1951 626 2026 ruptusque
650 1942 746 2005 astris
769 1940 877 2005 clame
901 1941 1007 2005 incola
1030 1942 1124 2005 Tarsi

215 2048 412 2114 Commissos
435 2047 555 2113 Christi
579 2048 715 2134 pupulos
738 2049 771 2111 in
795 2071 876 2134 puce
899 2048 1067 2134 regebant:

216 2153 303 2237 Tale,
326 2156 484 2239 Auguste,
508 2155 556 2218 tui
580 2155 713 2219 videant
735 2167 766 2220 te
790 2178 865 2242 rege
888 2155 1010 2221 Poloni.

215 2261 297 2341 Non,
321 2270 377 2324 tuu
400 2262 588 2347 pontificum
613 2272 720 2349 partes
744 2285 860 2325 munus
884 2272 1028 2349 occupet,
1052 2273 1135 2347 epte,

216 2367 372 2435 Crudeles
395 2369 429 2431 in
453 2378 484 2432 te
507 2369 632 2431 Divum
656 2391 696 2434 ne
719 2370 880 2434 exciveris
904 2370 977 2453 irus,

173 2526 180 2539 .
216 2475 326 2539 Ausus
351 2485 385 2539 ut
409 2475 477 2540 Onu
501 2475 578 2539 olim
602 2475 763 2540 labentem
787 2476 934 2541 fervidus
959 2498 1067 2540 sircam

217 2580 410 2646 Adtrectare
434 2605 532 2645 manu
557 2595 587 2646 et
612 2605 681 2646 sese
705 2584 889 2648 immiscere
912 2584 1050 2669 negatis:

217 2689 291 2752 Non
314 2688 383 2773 tibi,
407 2712 480 2773 non,
504 2713 523 2751 u
545 2712 613 2773 ren,
637 2691 747 2754 veniat
769 2701 835 2753 tum
860 2690 931 2753 dira
955 2690 1102 2776 eupido‘z

219 2795 346 2860 Iustum
370 2798 448 2882 quin
473 2798 579 2882 potius
603 2797 707 2883 clipeo
730 2797 851 2861 tuearis
874 2808 905 2862 et
929 2798 1028 2860 urinis

219 2903 421 2984 Pontificem3
444 2903 573 2989 templis
597 2927 718 2968 morem
743 2905 812 2968 sine
836 2914 933 2990 ponat
957 2915 987 2968 et
1011 2904 1085 2987 cris,

176 3061 183 3073 .
219 3008 279 3074 Ille
301 3009 502 3075 voluntatem
525 3012 686 3075 Divorum
710 3011 876 3096 edisserat,
900 3011 954 3076 ille

219 3116 364 3181 Affultus
387 3118 477 3182 caelu
500 3117 664 3183 discernat
688 3140 781 3183 sacru
804 3118 957 3205 profanis

219 3221 307 3287 Illud
330 3245 405 3288 cum
427 3224 546 3311 populo
570 3225 790 3311 patribusque,
814 3227 972 3311 Auguste,
995 3227 1149 3312 sequaris,

220 3328 316 3409 Quod
332 3341 481 3396 sunctum
498 3344 594 3397 vocat·
610 3332 677 3413 hic;
696 3332 783 3416 quod
800 3355 874 3416 non,
890 3332 953 3396 hoc
968 3332 1063 3397 crede
1075 3332 1258 3419 profanum.

220 3437 386 3502 Pontificis
410 3439 461 3502 ius
485 3449 533 3504 est
555 3441 638 3503 ritus
661 3440 805 3504 indicere
828 3439 966 3526 templiq

178 3596 185 3609 .
220 3543 333 3608 Tutari
355 3545 447 3630 tibit,
471 3556 689 3633 contemptum
714 3569 775 3612 nec
799 3547 883 3611 ferre
907 3568 1080 3611 sacrorum.

219 3651 386 3715 Pontificis
410 3654 531 3738 spernit
555 3654 610 3740 qui
635 3655 726 3717 mitia
749 3655 846 3738 iussu,
871 3654 1032 3718 furentem

220 3757 371 3823 Vindicis
395 3758 449 3823 ille
472 3783 606 3823 manum
629 3763 715 3845 regis
739 3761 890 3826 formidet
914 3770 945 3826 et
968 3762 1059 3825 iram.

221 3863 286 3943 Qui
309 3867 423 3930 temnit
447 3876 572 3954 putrem
596 3867 734 3954 caeliqui
758 3868 910 3953 erebique
933 3877 1104 3954 potentem,

220 3968 282 4035 Oui
305 3972 396 4036 sedes
421 3975 545 4060 aperire
570 3975 681 4038 dutum
706 3984 808 4040 estet
832 3975 984 4040 claudere
1007 3976 1142 4059 Divum,

180 4128 186 4140 .
221 4079 329 4164 Atque
351 4078 440 4144 leves
463 4082 588 4144 animas
613 4082 645 4144 in
671 4081 750 4145 ditia
774 4083 900 4146 mittere
923 4105 1032 4168 regnu,

225 4343 233 4371 ¹
252 4345 404 4412 Cognomen
425 4347 466 4398 sti.
488 4348 559 4398 Petri
579 4348 702 4413 apostoli.

224 4430 235 4460 ¹
253 4434 329 4485 Ceut.
350 4435 427 4501 Verg.
449 4438 513 4486 Aen.
536 4439 581 4501 Vl,
600 4436 661 4489 373.

223 4518 292 4574 'Sc
312 4524 354 4574 ius
374 4532 422 4575 est.

222 4616 334 4658 cumina.
357 4616 378 4658 Γ.
393 4624 410 4657 ¹.
