3016 5310
380 496 502 531 ursroura
523 496 650 531 ruiramus
670 496 695 530 rs
715 498 766 530 our.
786 496 936 531 srarsuram
957 496 973 530 r.
1186 479 1247 545 107

209 696 343 762 Dextra
366 717 475 760 ensem
499 717 592 759 verso
616 695 792 759 interram
817 717 971 759 mucrone
996 694 1119 759 ferebat
1134 699 1150 759 ¹.

209 804 300 870 Pone
325 803 412 868 subit
435 805 571 871 iuvenis,
596 814 724 868 scutum
749 804 803 889 qui
827 812 934 889 portat.
958 813 989 866 et
1012 801 1139 867 hastam

209 912 358 979 Obverso
382 913 415 976 in
439 922 557 976 terram
583 910 676 974 ferro.
710 911 910 975 Tristissima
934 921 1067 997 uterque

211 1022 293 1085 Fata
317 1019 518 1106 Sigismundi
543 1020 681 1104 signant.
705 1059 747 1065 —-
772 1041 846 1082 cum
870 1020 938 1083 vita
960 1019 1120 1095 manebat,

170 1181 176 1193 .
211 1126 350 1192 Adsueti
373 1149 439 1190 non
460 1125 523 1190 hac
548 1127 654 1213 specie
679 1127 763 1190 ferre
788 1149 878 1190 arma
901 1128 1052 1213 virosque

211 1235 351 1321 Surgere
373 1235 407 1298 in
433 1232 585 1298 adversos
609 1235 804 1321 inimicaque
829 1235 966 1299 fundere
990 1247 1104 1299 eastra.

300 1342 378 1408 Post
400 1340 459 1405 hos
482 1341 551 1406 ibat
574 1365 671 1428 eques
695 1341 795 1426 regali
820 1342 954 1405 indutus
978 1344 1109 1426 amictu,

211 1450 300 1517 Ordo
323 1472 420 1537 quem
443 1472 612 1537 procerum
638 1451 783 1535 sequitur
806 1473 1008 1535 magnusque
1032 1461 1171 1514 senatus.

302 1558 464 1637 Quattuor
486 1557 540 1621 bic
564 1558 687 1644 patriae
711 1556 751 1620 dc
775 1580 862 1620 more
885 1558 1027 1642 insignia
1047 1560 1138 1643 regni

169 1717 176 1730 .
213 1665 443 1731 Sauromatum
465 1665 561 1751 primi
586 1674 727 1751 portant:
752 1664 806 1728 ille
830 1666 970 1750 optimus
993 1666 1101 1749 armis,

209 1771 270 1837 Ille
293 1772 475 1858 animisque
498 1772 613 1855 ingens
636 1770 785 1858 belloque
809 1771 980 1859 imperdita
1002 1773 1116 1847 virtus,

210 1880 424 1964 Tarnovius³‚
448 1880 538 1962 regni
563 1879 705 1966 praefert
728 1881 864 1963 insigne,
888 1901 1053 1955 eoronam

210 1987 404 2074 Omitaque³
427 1988 654 2072 magnanimus
679 1997 851 2073 sceptrum,
875 1986 1070 2052 sort-issimus
1092 1986 1196 2070 heros,

211 2094 289 2161 Sese
312 2094 400 2159 ausis
423 2092 537 2159 tollens
561 2105 591 2159 et
616 2094 730 2159 cedere
755 2095 883 2159 nescius
909 2093 978 2171 ulli3

169 2253 176 2266 .
210 2201 333 2267 Orbem
357 2224 435 2265 auro
458 2201 631 2282 gravidum
654 2201 859 2285 Tencinius⁴,
883 2201 936 2266 ille
961 2224 1092 2265 severus

210 2309 278 2375 Ora
302 2332 402 2374 senex
425 2320 456 2373 et
481 2308 624 2373 consiliis
648 2332 712 2372 non
737 2309 870 2372 ultimus
894 2319 1015 2373 auctor.

211 2418 288 2482 Fert
310 2416 455 2502 gladium
481 2416 644 2480 Volscus⁵
666 2416 782 2480 florens
807 2416 977 2504 cultusque
1001 2418 1140 2481 iuventa.

300 2524 405 2588 Triste
429 2524 547 2588 deinde
573 2524 642 2588 urbi
669 2524 772 2587 fertur
795 2523 996 2589 lacrimabile
1020 2523 1127 2595 funus,

210 2631 373 2697 Exstineti
398 2631 483 2713 regis
508 2632 632 2695 cineres
655 2641 687 2695 et
710 2630 826 2695 flebilis
851 2654 940 2694 urna.

169 2789 176 2803 .
211 2738 350 2803 Centum
373 2738 508 2802 humero
532 2738 639 2802 obnixi
663 2736 776 2802 heroes
801 2738 927 2802 subiere
953 2739 1119 2813 feretrum

210 2845 301 2910 Mille
326 2846 413 2910 faces
437 2847 570 2911 circum.
594 2870 674 2932 quas
699 2845 762 2911 sert
786 2856 887 2909 atrata
913 2848 1072 2910 iuventus.

211 2953 300 3017 Hinc
324 2963 419 3040 atque
444 2953 519 3016 inde
543 2955 673 3018 micant.
703 2954 772 3017 Rex
797 2953 848 3016 hir·
875 2954 1108 3016 maestissimus
1132 2953 1200 3017 ibat

212 3060 391 3145 Augustus,
415 3061 579 3147 patrisque
603 3060 689 3124 idem
714 3062 754 3125 de
778 3062 907 3126 nomine
931 3060 1047 3127 dictus.

210 3166 304 3250 Rure,
329 3166 567 3253 Sigismundus
591 3191 684 3232 sacro
708 3167 786 3231 dum
810 3169 947 3250 tingitur
972 3168 1088 3231 infans.

167 3325 174 3337 .
210 3273 331 3337 Tristia
355 3278 421 3337 lata
444 3276 546 3360 patris
569 3275 712 3340 lacrimis
735 3275 824 3340 velut
849 3275 951 3339 imbre
975 3274 1093 3337 solutis

210 3379 278 3446 Ora
301 3403 359 3467 per
382 3391 478 3468 atque
501 3405 602 3463 genas
625 3384 771 3468 queritur
794 3382 982 3467 plangit-quc
1007 3381 1169 3468 querenda

208 3488 410 3574 Pectoraque
434 3488 574 3552 assiduis
597 3499 729 3576 quassat
752 3488 950 3570 singultibus
974 3510 1079 3572 aegra.

209 3594 299 3658 Pone
322 3595 409 3660 subit
432 3596 531 3661 Bona.
556 3595 761 3662 Sforciadum
785 3618 864 3677 gens
889 3595 1027 3681 indeque
1051 3607 1158 3659 natae:

210 3701 304 3767 Haec
327 3701 439 3766 orbata
463 3704 578 3779 virum,
602 3704 702 3790 pratris
727 3702 800 3767 illae
825 3703 923 3766 funus
948 3703 1046 3766 aaurati

153 3832 171 3872 i.
209 3808 340 3894 Ingenti
362 3809 475 3895 lugent
498 3810 631 3897 planctu
655 3810 862 3896 lacrimisque
886 3820 1072 3895 sequuntur.

210 4039 218 4068 ¹
239 4040 351 4092 Videtur
370 4058 427 4093 esse
446 4041 516 4093 idem
538 4041 633 4092 Paulus
653 4043 742 4104 'l'arlo,
772 4043 818 4107 qui
842 4049 934 4107 postea
953 4041 1072 4093 clericali
1095 4040 1181 4090 ordini
1200 4039 1245 4091 ad·

153 4139 216 4197 ptus
235 4147 260 4180 a.
281 4128 348 4182 1561
371 4132 510 4197 episcopus
533 4133 721 4197 {tropolitanus
742 4133 830 4182 factus
851 4140 899 4181 est.

210 4217 221 4247 ²
239 4222 361 4281 Ioannes,
380 4237 519 4286 supremus
539 4222 665 4272 Poloniue
683 4223 837 4287 imperatur,
857 4221 900 4271 eui
915 4222 1011 4286 blegne
1025 4235 1171 4286 cognomen
1186 4220 1245 4270 suit.

211 4307 221 4336 ³
241 4311 335 4361 Petrus
355 4311 451 4371 Cmira‚
472 4318 526 4361 tum
547 4312 683 4376 palatinus
703 4311 896 4361 eracovionsis.

209 4397 390 4449 ‘Stanislaus
410 4398 586 4465 Tenczyrislri‚
608 4408 663 4450 tum
682 4399 845 4450 castellanus
866 4399 1052 4465 Leopoliensis.

209 4483 333 4538 ‘Petrus
353 4488 476 4538 Duuinus
498 4488 600 4539 Wolslri
622 4505 688 4539 arm.
709 4488 825 4556 Labedt,
845 4496 938 4556 postea
957 4488 1033 4557 regni
1053 4486 1244 4539 vicecancella-

153 4594 156 4624 ι
175 4584 203 4629 et
222 4576 362 4647 episeopus
382 4577 527 4629 Plocsusis.
