3016 5310
502 468 537 502 ns
556 466 698 503 arrium
715 466 871 502 normanus
889 467 946 502 suc.
1253 450 1297 515 31

1194 549 1298 558 ——-

261 663 437 750 suscipias,
459 670 539 746 orat,
560 659 655 726 vultu
678 660 792 746 regina
814 658 966 746 benigno,

260 771 353 851 Quae
375 768 514 834 fortasse
537 767 624 852 olim,
646 767 675 831 si
698 767 874 855 quicquam
896 768 1043 832 carmina
1064 776 1208 854 possunt,

259 877 437 943 Posteritas
460 874 546 961 leget
568 883 665 961 atque
688 896 826 960 sequens
849 874 1022 939 mirabitur
1043 883 1142 959 setas,

164 1001 228 1050 so.
259 983 368 1049 Huius
390 980 601 1070 opss'saecli,
624 990 763 1068 gentem,
786 1002 985 1068 pompasque
1008 979 1173 1068 superbas.
1225 1036 1227 1040 ,

351 1090 386 1157 Si
401 1089 494 1155 labor
507 1087 563 1153 hic
584 1088 718 1174 primus,
734 1086 861 1153 subitae
871 1085 954 1152 haec
965 1088 993 1151 si
1005 1109 1122 1152 exorsa
1136 1087 1298 1153 Camenae

261 1196 361 1262 Haud
385 1196 507 1262 fuerint
530 1196 668 1282 ingrata,
692 1193 780 1280 leges
804 1216 888 1281 quae
911 1204 1019 1260 cetera
1040 1203 1176 1259 restant:

259 1304 450 1390 Impositum
475 1303 584 1389 capiti,
605 1301 699 1388 regni
723 1300 826 1365 altum
848 1301 986 1388 insigne,
1010 1323 1163 1367 coronam

260 1409 469 1497 Taedamque
491 1418 656 1474 extremae
678 1418 710 1473 st
733 1407 903 1474 sollemnia
925 1408 1047 1494 gaudia
1068 1407 1191 1493 taedae,

163 1535 227 1580 os.
259 1517 302 1580 Et
324 1538 408 1603 quae
430 1516 588 1581 miserunt
610 1516 756 1601 ingentia
778 1536 914 1581 munera
936 1537 1039 1601 reges,

261 1623 375 1709 Longe
396 1622 597 1688 exsultantes
620 1631 653 1687 et
674 1631 741 1686 toto
763 1631 893 1708 pectore
915 1621 1001 1707 laeti,

260 1729 354 1794 Talia
375 1730 529 1816 coniugia
550 1739 582 1794 et
603 1728 685 1794 tales
708 1728 866 1794 celebrari
889 1728 1096 1818 hymenaeos.

621 1944 829 1952 ———-.

260 2086 483 2175 Iagelloneum
506 2109 609 2174 genus
632 2087 895 2174 austriacumque
919 2086 1058 2174 superbo

261 2194 420 2281 Coniugio
443 2194 596 2259 iunctura
620 2193 690 2259 dies
712 2203 744 2259 et
766 2204 898 2281 perpete
920 2194 1030 2259 vinclo

261 2300 436 2387 Adventat,
459 2303 550 2388 genti
572 2311 700 2365 tantum
722 2310 875 2387 exoptata
897 2301 1041 2388 polense.

262 2408 428 2473 Romanae
451 2407 681 2472 Fordinandus
704 2430 763 2473 rex
785 2407 918 2472 inclitus
941 2407 1041 2494 urbis,

224 2565 231 2579 .
260 2514 407 2579 Plurima
428 2524 596 2602 praetcrea
620 2515 674 2579 cui
696 2537 797 2601 regna
820 2515 967 2601 ingentia
989 2524 1113 2602 parent,

262 2622 538 2708 Austriacumque
562 2621 665 2686 solum
687 2622 853 2708 vicinique
877 2644 935 2686 ora
957 2621 1102 2708 Bohemi,

263 2727 438 2793 Sismundo
462 2728 622 2815 Augusto,
644 2727 751 2814 proles
774 2750 858 2814 quae
882 2728 950 2792 sola
972 2728 1078 2792 virilis

263 2833 491 2899 Sauromatum
515 2835 585 2921 regi
608 2844 664 2919 est,
688 2835 801 2921 primis
825 2836 880 2922 qui
903 2834 1025 2899 electus
1050 2834 1091 2899 ab
1116 2835 1211 2900 annis

260 2942 333 3006 Rex
355 2951 405 3006 est
429 2940 669 3026 Sauromatum,
693 2963 853 3028 quemque
877 2964 980 3005 unum
1004 2942 1095 3027 regia
1119 2951 1246 3029 sceptra

178 3066 229 3112 ιο.
259 3048 337 3112 Post
360 3070 511 3134 suprema
533 3058 666 3113 manent
688 3048 840 3134 longaevi
863 3048 931 3112 fata
953 3049 1107 3136 parentis,

262 3155 403 3241 Iungere
427 3155 567 3220 conubio
590 3154 699 3220 vinclo
723 3164 754 3219 et
777 3155 900 3220 sociare
924 3155 1027 3241 iugali

261 3261 397 3327 Pactam
412 3261 489 3326 olim
505 3262 671 3348 egregiam
686 3272 806 3347 natam,
822 3271 1067 3349 extremumque
1082 3260 1301 3352 hymenaeum

263 3369 427 3433 Exercere
449 3379 543 3455 parat
567 3367 728 3455 rebusque
750 3369 915 3455 imponere
938 3369 1044 3433 finem.

350 3475 422 3540 Rex
447 3498 575 3563 quoque
599 3474 836 3560 Sauromatum,
853 3476 968 3561 senior,
985 3498 1064 3540 eura
1080 3476 1171 3541 ardet
1186 3475 1302 3542 eadem

222 3633 229 3646 .
261 3581 479 3670 Optatamque
503 3605 624 3646 nurum
647 3605 746 3669 regno
771 3582 946 3647 succedere
970 3592 1001 3647 et
1025 3582 1119 3647 aulae

261 3689 332 3753 Iam
355 3688 481 3753 dudum
506 3690 596 3776 cupit
619 3699 651 3754 et
674 3712 783 3754 coram
807 3711 884 3754 vera
908 3711 964 3753 ora
986 3690 1079 3754 tueri.

262 3795 296 3862 Si
318 3797 421 3882 possit
446 3819 610 3860 summum
634 3806 708 3860 ants
733 3796 827 3881 diem,
850 3795 948 3883 longo
973 3796 1097 3860 obsitus
1120 3818 1209 3882 aevu,

262 3902 454 3990 Susceptam
479 3903 647 3968 subolem1
670 3927 852 3991 {servosque
874 3903 986 3968 videre
1010 3912 1150 3990 nepotes,

262 4009 454 4075 Subsidium
479 4010 617 4097 generis,
641 4012 781 4097 spatiosa
803 4010 916 4075 ludere
939 4012 974 4074 in
998 4010 1082 4076 aula.

181 4134 229 4178 ao.
258 4116 354 4182 Festo
378 4140 456 4203 ergo
480 4140 572 4203 reges
597 4141 631 4183 se
654 4119 830 4204 accingunt
855 4117 950 4182 ambo
975 4118 1086 4205 iuguli,

262 4223 440 4310 Ingentes²
462 4235 493 4289 et
518 4248 593 4312 opes
616 4226 766 4290 reseratis
790 4225 904 4312 pandit
929 4236 1066 4312 uterque

263 4433 271 4463 ¹
288 4436 360 4488 Edit.
383 4437 545 4502 „sobolsm“,
565 4444 596 4488 ut
613 4437 721 4503 passim.

261 4521 358 4577 ’Edit
381 4526 558 4594 ,ingenteis“,
579 4533 609 4577 ut
626 4527 727 4592 passim
746 4527 796 4578 hoc
815 4543 881 4580 casu
899 4529 971 4595 apud
989 4529 1128 4596 Royaium.
