3016 5310
427 659 469 722 m
492 658 613 746 patrias
636 656 833 745 profundere
856 679 940 744 opes,
963 653 1161 744 profundere
1184 657 1299 721 avitas.

323 789 391 831 110.
426 766 542 830 'l'ristis
565 767 635 850 erit,
658 765 722 829 nisi
745 764 879 829 donatos
903 763 1044 828 dimittat
1067 765 1197 830 amieos.

425 873 499 937 Non
519 872 596 938 huie
619 872 704 937 laeta
727 871 795 936 dies
819 871 918 956 tulsit,
943 894 1008 958 qua
1030 894 1164 936 munere
1187 870 1316 935 nullum

427 978 611 1045 Obstrinxit
633 1002 762 1066 quaque
785 978 861 1043 illel
886 977 949 1042 sibi
971 977 1058 1042 haud
1083 979 1243 1065 quaesivit
1267 978 1416 1062 amioum,

426 1087 612 1151 Fortunave
635 1088 727 1173 gravi
752 1108 899 1173 pressum
922 1096 977 1150 aut
1001 1085 1123 1149 solatus
1146 1095 1295 1172 egentem
1317 1095 1374 1150 est.

426 1193 464 1277 Ο,
488 1216 548 1259 eur
571 1193 730 1278 Gereanq
754 1195 820 1278 Dii,
844 1216 909 1257 non
932 1194 1055 1257 maiora
1078 1191 1223 1278 dedistis,

385 1351 392 1363 .
427 1299 551 1365 Illustri
575 1302 685 1366 eomiti
708 1301 831 1366 Lueael
854 1324 918 1364 non
941 1323 1059 1365 aureus
1082 1300 1144 1364 hoe
1167 1298 1215 1364 sol

426 1405 617 1494 Splenderet
639 1409 743 1494 magis
767 1410 801 1471 in
825 1410 927 1493 terris,
950 1432 1014 1472 non
1038 1407 1126 1472 illius
1150 1405 1237 1470 orbis

425 1514 496 1579 lam
520 1525 648 1601 eaperet
672 1538 798 1600 nomen,
821 1517 1022 1603 properantis
1044 1516 1079 1579 in
1103 1513 1233 1579 aethera
1257 1512 1365 1577 famae

427 1621 669 1709 Sarmatiaeque
693 1623 779 1687 omni
803 1623 903 1686 deeus
927 1622 1108 1686 immortale
1130 1620 1284 1709 parantis.

514 1728 588 1814 Ipse
611 1751 739 1815 quoque
762 1729 899 1812 insignis
924 1730 1043 1792 virtute
1066 1751 1105 1793 ae
1128 1725 1273 1790 moribus
1296 1727 1407 1813 aequis

385 1886 391 1899 .
426 1835 453 1899 F
455 1834 566 1899 irleius
577 1841 599 1919 ²,
621 1835 750 1921 plaeido
774 1836 867 1900 ouius
891 1835 1025 1899 suadela
1048 1835 1200 1922 leposque

426 1941 491 2007 Ore
514 1942 604 2007 sedet
627 1945 793 2030 pietasque
817 1943 934 2006 animis
957 1952 988 2007 et
1012 1941 1160 2008 sensibus
1183 1942 1259 2006 imis

426 2049 573 2113 Haerens
596 2050 672 2134 fixa,
695 2073 803 2114 morae
826 2051 998 2137 impatiens
1023 2073 1092 2114 sese
1115 2050 1236 2114 exserit
1258 2048 1354 2134 ultro,

427 2156 469 2219 Et
492 2179 526 2220 se
550 2157 693 2243 ignorari
717 2157 799 2222 nulli
823 2159 899 2221 sinit
923 2158 1068 2244 undique
1090 2158 1221 2223 fervens

424 2263 551 2349 Perque
575 2264 685 2329 oeulos
709 2265 876 2329 hominum
899 2266 1020 2351 gaudet
1043 2288 1077 2330 se
1100 2275 1132 2330 et
1155 2266 1240 2330 ferre
1261 2288 1321 2353 per
1344 2288 1407 2330 ora.

518 2372 560 2434 m
582 2371 827 2438 Chotkievieius
839 2378 859 2457 ³,
883 2396 946 2459 quo
969 2383 1040 2436 tuta
1063 2373 1183 2437 Kiovia
1205 2383 1332 2438 turmas

427 2477 569 2542 Hostiles
592 2481 706 2544 temnit
729 2503 904 2568 versasque
927 2481 961 2543 in
984 2490 1076 2566 terga
1099 2481 1243 2566 sagittas,

425 2584 534 2649 Moliri
557 2587 694 2651 insidias
717 2588 913 2674 inimicaque
937 2587 1050 2652 fallere
1073 2598 1180 2652 eastra

425 2692 552 2758 Doetus
575 2705 607 2759 et
630 2719 720 2759 arma
743 2718 842 2759 manu
866 2716 905 2760 ae
928 2695 1003 2758 sorti
1027 2704 1175 2781 torquere
1197 2693 1321 2761 laeerto

424 2799 603 2888 Victorque
626 2804 762 2867 exuvias
787 2812 935 2888 superato
958 2825 999 2865 ex
1022 2801 1114 2866 hoste
1136 2802 1265 2867 referre.

515 2909 773 2997 Longaevusque
797 2932 896 2974 senex
920 2909 1084 2974 studiosus
1109 2909 1230 2997 Sapia⁴
1251 2911 1332 2996 veri,

425 3013 496 3078 Iam
519 3016 644 3101 pridem
668 3017 754 3104 quod
779 3040 853 3082 eum
877 3018 995 3081 teneris
1019 3016 1171 3082 uoluisset
1194 3017 1234 3081 ab
1259 3018 1364 3102 annis,

425 3120 573 3185 Blandiri
597 3124 751 3208 insuetus,
775 3147 862 3189 seros
887 3135 935 3188 eat
959 3135 1073 3189 noetus
1097 3124 1234 3188 honores

426 3227 653 3317 Fortunaeque
677 3232 733 3297 diu
756 3255 796 3297 ae
819 3232 957 3296 multum
981 3231 1164 3297 obluctatus
1187 3232 1321 3318 iniquae
1343 3242 1400 3297 est.

516 3336 645 3424 Quique
669 3339 745 3404 eolit
768 3339 920 3426 pulchras
944 3341 1112 3404 Musarum
1137 3338 1270 3404 sedulus
1293 3349 1388 3425 artes,

323 3462 389 3505 reo.
427 3441 563 3528 Eloquio
587 3445 691 3510 bonus
714 3457 746 3511 et
769 3446 863 3511 doeto
888 3447 1092 3511 Maeiovius⁵
1115 3469 1177 3532 ore,

424 3548 497 3627 Quo
520 3552 603 3636 potis
627 3562 676 3617 est
698 3553 867 3618 hominum
890 3553 1059 3619 deflectere
1082 3563 1222 3641 peetora‚
1243 3563 1353 3640 partas

425 3816 431 3845 ¹
452 3819 505 3868 Mss
526 3836 664 3887 „querique
684 3821 758 3885 ills‘,
778 3822 807 3873 in
826 3823 911 3873 Osset.
932 3823 1012 3889 „ille‘
1033 3825 1180 3890 posteriore
1199 3841 1281 3876 manu
1294 3826 1323 3876 iu
1337 3825 1456 3892 margine

314 3905 482 3972 >adscriptum
503 3918 551 3959 est.

424 3994 434 4021 ‘²
453 3998 579 4048 Fortasse
599 3999 734 4063 Nicolaus,
753 4001 799 4065 qui
819 4007 912 4066 postea
932 4001 1067 4067 palatinus
1087 4003 1258 4055 Lublineusis
1278 4005 1331 4056 obi.
1345 4020 1370 4056 a.
1385 4002 1460 4065 1588,

315 4092 363 4134 aut
382 4087 503 4147 Ioannes,
526 4087 572 4152 qui
591 4104 614 4138 a.
638 4087 704 4140 1561
724 4090 923 4141 mareschalcus
942 4092 1017 4158 regni
1037 4092 1126 4144 Polon.
1147 4093 1205 4144 fuit.

426 4173 436 4201 ⁸
455 4176 512 4228 soil.
531 4177 634 4228 aderat.
654 4180 798 4245 Gregorius
810 4180 1000 4246 Chotkiswicz,
1019 4181 1155 4247 palatinus
1174 4182 1347 4249 Kijorisnsis,
1360 4183 1406 4249 qui
1419 4198 1461 4249 pe·

318 4271 376 4316 stoa
396 4265 559 4316 castellanus
578 4268 719 4319 Troesmis
739 4270 827 4320 faetus
848 4278 896 4321 ost.

425 4351 579 4419 ‘Sapisha
600 4358 674 4409 Oonf.
694 4359 831 4420 Boniseki‚
852 4364 949 4411 Poezet
967 4360 1055 4412 rudos
1075 4379 1117 4428 pg.
1137 4360 1190 4413 306
1210 4378 1248 4426 sq.

426 4441 615 4509 5ΒωιηίεΙειιιε,
640 4448 770 4499 Samuelis
791 4450 907 4516 episcopi
927 4452 1036 4502 (ἵππον,
1058 4452 1150 4515 frater,
1176 4450 1341 4503 castellanus
1365 4451 1461 4503 Saudo·

318 4533 451 4584 miriensis
470 4549 512 4588 aa.
535 4534 718 4588 less—1563.
