3016 5310
810 448 888 482 earm
907 448 995 482 Rom!

440 645 549 707 Lance
573 665 670 728 super
693 643 811 728 patula,
836 665 948 728 regum
973 642 1090 707 decora
1114 641 1170 706 illa
1192 653 1371 729 potentum.

440 750 568 835 Cogitat
591 749 667 813 hinc
692 771 807 814 currus
830 760 861 813 et
885 748 1030 835 plaustra
1052 751 1215 834 gementia
1239 764 1380 833 eentum

441 857 533 936 Quae
559 865 710 941 praeeant
734 856 829 940 pictis
852 854 948 939 longe
971 854 1149 940 spect-anda
1171 854 1351 941 quadrigis,

441 963 570 1048 Quique
593 962 685 1026 illum
709 962 773 1026 late
796 961 992 1024 famulorum
1016 962 1179 1026 exercitus
1203 963 1320 1047 ingens

400 1122 405 1133 .
442 1071 649 1147 Circumstet3
674 1091 753 1133 eura
776 1080 833 1151 est,
857 1091 932 1132 eum
955 1069 1085 1154 templis
1108 1079 1182 1132 tura
1205 1070 1376 1154 ministrat,

442 1177 502 1239 llia
527 1177 698 1241 comitatus
722 1189 783 1260 eat,
807 1176 940 1259 longum
965 1175 1144 1240 circumdet
1167 1186 1198 1241 et
1222 1199 1340 1259 agmen

440 1283 601 1348 Centenas
625 1296 750 1346 motans
774 1294 914 1368 pennata
939 1283 1059 1346 vertice
1083 1283 1207 1366 cristas,
1230 1321 1274 1329 —

440 1391 567 1453 Visitur
591 1392 624 1453 in
648 1391 763 1453 turmis
786 1388 891 1477 qualis
914 1400 979 1472 tua,
1004 1392 1161 1455 Sarmata
1184 1389 1296 1476 pubeS,

440 1498 523 1561 Cum
547 1497 615 1561 fera
640 1498 784 1560 finitimis
808 1496 935 1583 populis
959 1497 1141 1561 Tarnovius
1164 1497 1263 1562 infert

400 1655 406 1666 .
441 1604 532 1668 Bella
555 1604 647 1669 ferox
672 1603 889 1692 Scythiaeque
913 1604 1098 1689 patentibus
1122 1605 1268 1668 imminet
1291 1605 1387 1690 agris,

441 1711 565 1775 Cumve
589 1721 696 1775 movet
720 1712 835 1774 fortem
853 1712 885 1773 in
903 1710 1083 1794 Moschum,
1106 1711 1264 1774 fortemne
1281 1710 1462 1792 Valachum,

441 1816 572 1882 Scilicet
594 1819 735 1903 Augusti
760 1819 845 1902 regis
868 1817 1022 1881 mandata
1047 1828 1185 1881 secutus.

439 1922 534 1987 Tales
558 1936 700 2008 ornatus,
723 1924 868 2009 talesque
892 1926 1026 1988 antistes
1049 1923 1195 2007 honores,

440 2032 625 2094 Priscorum
650 2030 769 2095 oblitus
791 2042 930 2117 patrum,
954 2032 1018 2094 ium
1042 2041 1149 2095 mente
1171 2031 1315 2117 requirit.

442 2138 514 2216 Quo
537 2149 681 2224 portetur
704 2161 786 2223 eque
811 2139 948 2224 praesul,
972 2161 1035 2203 non
1060 2138 1175 2202 ultima
1197 2160 1277 2202 cura
1299 2149 1357 2221 est,

439 2244 579 2310 Thracia
602 2268 697 2331 quem
721 2247 841 2329 genuit,
867 2268 922 2309 seu
947 2268 1042 2331 quem
1067 2244 1267 2331 spirantibus
1289 2245 1344 2308 olli

439 2352 638 2439 Conceptum
662 2353 811 2440 zephyris
835 2353 943 2417 bellax
968 2353 1128 2439 Hispania
1151 2353 1266 2416 mittat.

439 2460 530 2538 Quas
554 2470 640 2546 aptet
664 2459 820 2545 phaleras,
844 2483 927 2545 quae
950 2461 1064 2546 iungat
1086 2459 1247 2546 ephippia
1271 2471 1371 2538 curat,

439 2566 604 2653 Quicquid
629 2577 793 2652 praeterea
817 2589 929 2652 regum
953 2566 1027 2630 tulit
1052 2567 1126 2631 aula
1149 2577 1325 2652 potentum.

398 2724 404 2736 .
440 2674 568 2758 Pauper
591 2686 658 2736 erat
683 2672 840 2757 Christus,
865 2697 969 2737 vimus
994 2673 1050 2737 sed
1074 2674 1202 2759 praesul
1226 2672 1339 2738 haberi

439 2780 519 2843 Vult
543 2779 643 2863 dives,
666 2779 832 2866 multoque
855 2782 1012 2845 nitescere
1035 2780 1182 2866 fulgidus
1205 2803 1294 2863 aure,

438 2886 605 2949 Virtutum
629 2909 668 2950 au
692 2888 822 2972 pietatis
846 2889 946 2973 inops,
971 2909 1009 2951 ac
1034 2889 1132 2951 moris
1154 2886 1291 2951 honesti.

438 2992 607 3057 Caelorum
633 2993 783 3057 deminus
807 2995 915 3081 pando
938 3005 1083 3081 portatus
1107 2993 1206 3058 asello

438 3099 510 3163 Ibat
535 3099 683 3166 Christus
706 3125 813 3187 eques,
835 3102 968 3167 volucer
991 3102 1048 3165 tibi
1073 3101 1240 3187 quaeritur
1262 3102 1396 3185 Aethon,

396 3256 403 3270 .
439 3208 502 3285 Qui
527 3208 664 3293 pedibus
689 3210 794 3292 micet,
817 3219 849 3273 ct
872 3209 1005 3274 mandat
1029 3209 1089 3273 sub
1114 3207 1267 3273 dentibus
1291 3231 1409 3273 aurum.

438 3314 494 3376 Bis
519 3316 604 3378 senis
628 3315 777 3380 Christus
800 3318 896 3381 sociis
920 3318 1093 3381 comitatus
1116 3316 1235 3381 obibat.

439 3418 631 3506 Oppidaque
655 3422 816 3508 urbesque
838 3433 870 3486 et
893 3422 950 3486 lati
973 3433 1067 3487 vasta
1090 3444 1229 3505 aequora
1253 3423 1372 3507 campi:

438 3526 756 3613 Quadringentorum
781 3540 815 3592 tu
839 3530 890 3593 vis
912 3540 945 3594 te
969 3531 1134 3594 circueat¹
1157 3551 1284 3614 agmen,

438 3633 549 3698 Turba
573 3636 688 3720 ingens
712 3637 866 3700 comitum
890 3659 1084 3722 quocunque
1108 3647 1262 3722 sequatur
1285 3646 1416 3701 euntem.

396 3791 403 3804 .
438 3739 602 3806 Sollicitus
626 3753 771 3829 totosque
795 3743 864 3807 dies
888 3756 1062 3829 noctesque
1085 3742 1210 3807 volutat

440 3848 530 3912 Haec
553 3849 671 3913 stultus
692 3849 831 3935 praesul,
862 3850 1006 3914 studium
1029 3848 1090 3915 hoe
1113 3849 1273 3914 incumbit
1304 3851 1339 3912 in
1362 3862 1454 3920 unum,

434 3956 502 4019 Nec
526 3956 689 4042 placidam
712 3958 820 4021 miseri
845 3959 931 4043 capit
955 3958 1054 4021 anxia
1078 3980 1157 4021 eura
1179 3958 1329 4044 quietem.

526 4063 631 4126 Rarus
656 4073 687 4126 at
711 4064 744 4127 in
768 4088 873 4129 vacua
897 4088 1058 4149 nummus,
1080 4063 1178 4148 videt,
1205 4065 1323 4129 emieat
1347 4083 1423 4143 area,

437 4169 656 4256 Consumptus
680 4173 769 4236 cenis
794 4184 825 4236 et
848 4194 951 4258 nuper
973 4171 1126 4235 laudibus
1150 4171 1275 4257 emptis,

335 4297 403 4339 rra.
439 4277 526 4355 Quid
551 4278 671 4342 faciat?
695 4280 790 4343 villas
814 4292 845 4343 et
869 4279 1002 4366 praedia
1025 4277 1137 4342 vendit
1162 4277 1258 4362 avita,

441 4509 446 4537 ¹
468 4512 530 4559 Msa.
552 4513 700 4575 ‚,cireuat“.
