3016 5310
304 628 430 714 gotium
453 626 573 692 nubem
597 626 735 692 obduxit
751 627 875 692 ultimis
890 626 1019 714 hispani
1040 639 1152 714 poetae
1170 629 1274 693 annis.
1299 627 1448 695 Valeria·

304 756 367 798 nus
391 735 624 800 Protaszewiez
647 732 886 818 Szuszkowski,
909 734 1079 820 episcopus
1104 733 1262 800 vilnensis
1286 735 1386 818 (conf.
1407 735 1451 817 II,

305 864 358 928 pg.
382 842 446 906 145
470 843 559 928 sqq),
583 863 658 906 eum
681 863 739 927 per
761 841 949 905 Lituaniam
972 840 1146 907 novandae
1167 841 1244 907 fidei
1261 842 1372 908 studia
1388 840 1449 906 sub

305 948 428 1033 potenti
450 946 677 1012 Radivilorum
700 947 897 1033 Ioannisque
920 947 1149 1013 Chodkievioii
1172 949 1336 1036 praesidio
1352 947 1449 1014 vehe-

304 1065 431 1118 menter
452 1055 626 1141 propagari
649 1053 822 1141 pluresque
852 1055 887 1117 in
910 1054 980 1119 dies
1003 1055 1143 1120 deficere
1173 1053 1213 1119 ab
1237 1054 1377 1121 eeclesia
1400 1078 1449 1121 ro·

305 1182 403 1224 mana
425 1159 567 1245 videret,
597 1161 666 1247 ipse
691 1160 870 1226 coercendo
892 1171 980 1226 motu
1005 1162 1118 1249 impar,
1150 1161 1190 1227 ab
1216 1163 1319 1227 Hosio
1342 1163 1450 1228 cardi·

304 1265 379 1331 nale
409 1268 524 1354 petivit
555 1269 814 1354 impetravitque,
845 1278 881 1332 ut
911 1269 985 1334 Iesu
1017 1267 1141 1333 ordinis
1173 1269 1291 1333 fratres
1315 1269 1451 1335 Vilnam

304 1386 492 1440 arcesseret.
531 1374 734 1462 Itaqueiam
757 1398 786 1438 a.
811 1376 897 1440 1569
928 1375 1050 1462 aliquot
1072 1376 1170 1440 huius
1193 1375 1318 1441 ordinis
1341 1398 1454 1442 saeer-

304 1480 395 1546 dotes
420 1483 510 1546 missi
534 1493 618 1567 sunt,
642 1482 760 1569 quibus
783 1503 858 1546 cum
881 1484 1052 1570 episeopus
1075 1482 1164 1548 haud
1187 1482 1301 1570 procul
1326 1506 1345 1547 a
1370 1493 1453 1549 tem-

305 1585 359 1674 plo
383 1588 433 1652 sti.
456 1588 589 1653 Ioannis
604 1589 702 1655 aedes
718 1588 851 1676 amplas,
875 1591 1011 1675 triginta
1027 1589 1095 1656 fere
1112 1589 1267 1656 fratribus
1283 1591 1455 1677 excipien-

306 1693 358 1758 dis
389 1706 490 1782 aptas,
521 1696 719 1784 praediaque
749 1697 872 1760 rustica
899 1696 1068 1782 donasset,
1098 1698 1247 1784 proximo
1275 1697 1341 1760 iam
1364 1704 1455 1761 anno

305 1801 458 1887 Maggius
481 1802 692 1889 provincialis
716 1804 785 1889 ipse
804 1824 880 1869 cum
896 1804 1016 1889 viginti
1032 1802 1264 1888 sacerdotibus,
1287 1802 1453 1890 plerisque

304 1908 437 1975 Polonis
460 1909 589 1996 collegii
613 1909 844 1996 pultusoiensis
876 1910 918 1974 ad
940 1911 1178 1975 instituendum
1201 1909 1321 1976 Vilnae
1351 1908 1453 1976 colle-

303 2016 395 2102 gium
418 2017 532 2083 eodem
556 2018 656 2082 venit.
678 2016 773 2081 Novo
796 2016 934 2103 collegio
957 2017 1097 2084 vilnensi
1123 2017 1304 2105 praefectus
1319 2027 1370 2082 est
1385 2017 1456 2105 pri·

305 2145 378 2187 mus
403 2134 510 2189 rector
534 2124 714 2191 Stanislaus
738 2123 979 2209 Varszevieius,
1007 2126 1060 2189 vir
1083 2133 1233 2189 strenuus
1256 2135 1353 2210 atque
1377 2146 1454 2189 eru-

304 2228 401 2294 ditus.
425 2232 491 2310 Qui
515 2252 590 2295 eum
615 2231 838 2297 sacerdotibus
862 2231 924 2295 sibi
948 2233 1131 2301 commissis
1154 2254 1246 2296 suam
1269 2230 1384 2295 aedem
1408 2229 1453 2295 sd

305 2358 400 2401 saera
423 2338 630 2424 procuranda
653 2338 764 2403 deesse
788 2338 931 2423 videret,
954 2338 989 2403 id
1012 2360 1109 2424 agere
1133 2338 1253 2424 coepit,
1280 2347 1317 2402 ut
1340 2338 1454 2425 proxi·

305 2465 395 2507 mum
426 2445 476 2508 sti.
508 2445 640 2508 Ioannis
671 2444 843 2531 templum,
874 2468 938 2531 quo
969 2447 1093 2510 interea
1123 2444 1287 2531 hospitum
1318 2445 1455 2509 nomine

306 2549 424 2616 fratres
448 2550 631 2635 utebantur,
654 2551 760 2616 ordini
784 2551 1016 2638 possidendum
1041 2550 1232 2616 traderetur.
1256 2551 1366 2636 Atque
1382 2551 1455 2638 epi·

305 2679 423 2745 scopus
447 2658 614 2742 vilnensis,
639 2670 674 2722 ut
698 2658 732 2723 id
754 2660 877 2746 patrari
900 2669 1014 2745 posset,
1039 2658 1163 2745 Royzio
1186 2656 1277 2721 aliud
1293 2657 1454 2745 amplius-

303 2787 366 2850 que
389 2764 584 2830 beneficium
615 2765 785 2850 offerebat,
816 2764 992 2830 dummodo
1024 2764 1130 2829 ordini
1161 2763 1281 2850 templo
1311 2763 1456 2830 cederet.

305 2868 339 2934 Is
362 2881 488 2951 tamen,
520 2873 591 2936 sive
614 2871 700 2958 quod
725 2895 824 2936 senex
849 2872 958 2938 sedem
982 2883 1109 2937 mutare
1132 2870 1252 2956 noluit,
1283 2872 1354 2937 sive
1377 2871 1457 2936 aliis

306 2977 487 3043 rationibus
510 2979 638 3062 ductus,
662 2980 696 3042 in
720 2979 839 3044 tradito
862 2980 924 3044 sibi
948 3002 1083 3045 munere
1106 2978 1275 3045 retinendo
1299 3001 1457 3066 perseve-

303 3084 407 3150 rabat.
430 3085 581 3151 Discidia
603 3087 690 3152 iuter
712 3088 931 3174 praepositum
954 3085 1066 3173 templi
1090 3086 1271 3172 fratresque
1293 3085 1456 3172 paulatim

305 3190 502 3277 oriebantur,
526 3193 582 3257 illo
605 3195 656 3258 ius
673 3217 768 3259 suum
785 3194 983 3278 vindicante,
1006 3194 1057 3257 his
1077 3192 1119 3257 ad
1135 3192 1321 3258 liberiorem
1336 3191 1455 3279 templi

305 3321 400 3364 usum
424 3299 646 3386 tendentibus,
678 3324 752 3367 curn
777 3302 900 3366 interea
924 3301 1065 3365 Iesuitae
1087 3299 1267 3364 adiuvante
1290 3300 1455 3386 episcopo,

305 3405 583 3472 intercedentibus
606 3409 721 3472 nuntio
745 3406 921 3494 apostolioo
944 3409 1114 3493 Annaque,
1144 3407 1232 3492 regis
1255 3427 1372 3491 sorore,
1400 3406 1456 3469 in·

304 3523 401 3577 eunte
424 3536 452 3578 a.
480 3515 561 3579 1571
587 3538 607 3579 a
630 3537 706 3601 rege
730 3514 873 3602 diploma
896 3513 1115 3593 obtinuerunt,
1139 3536 1202 3600 quo
1225 3523 1454 3600 postmortem

307 3632 364 3684 aut
388 3622 565 3685 cessionem
590 3622 704 3711 Royzii
729 3623 763 3685 in
787 3621 1022 3708 possessionem
1046 3620 1158 3707 templi
1179 3619 1363 3685 veniebant.
1385 3619 1457 3684 Ne-

305 3750 368 3814 que
391 3728 436 3792 ita
459 3727 515 3792 diu
540 3729 683 3818 Royzius
707 3729 853 3793 ordinem
878 3729 912 3791 in
935 3750 973 3793 eo
997 3729 1067 3791 iure
1084 3726 1290 3813 exsequendo
1305 3735 1459 3791 moratus

303 3846 361 3900 est.
385 3834 517 3900 Etenim
541 3858 616 3900 oum
640 3834 745 3922 pridie
769 3835 843 3900 idus
867 3835 1051 3900 februarias
1075 3858 1102 3899 a.
1129 3835 1213 3899 1571
1238 3834 1272 3897 in
1296 3853 1457 3898 consessu

303 3941 438 4029 capituli
462 3941 621 4008 vilnensis
644 3944 717 4007 iura
740 3943 886 4008 eiusdem
918 3953 1032 4006 eontra
1063 3943 1250 4028 episcopum
1281 3940 1453 4005 etiamtum

301 4049 515 4134 defendisset,
546 4049 612 4112 iarn
644 4073 672 4113 a.
696 4049 728 4114 d.
751 4050 786 4115 X
809 4048 876 4115 kal.
900 4047 1019 4135 apriles
1050 4048 1195 4113 eiusdem
1225 4047 1302 4111 anni
1325 4044 1453 4132 aliquot

303 4154 419 4220 diebus
443 4164 515 4242 post
530 4155 694 4221 Varsavia
718 4155 852 4221 allatum
873 4156 960 4240 regis
985 4154 1127 4241 diploma
1151 4152 1338 4239 exspiravit.

766 4372 978 4381 ——.—-——
