3016 5310
673 466 808 503 utorium.

207 687 247 730 ro.
320 663 529 750 Quamquam
552 683 614 727 nec
637 661 768 746 coniux,
792 683 910 747 sponsa
934 682 994 725 nec
1016 660 1074 725 illu
1096 661 1169 728 fuit.

278 772 446 857 Frangere
470 770 550 854 quin
574 770 672 834 etiam
695 768 778 833 dura
801 778 918 833 conata
939 766 1074 855 bipenni

322 878 454 942 Dicitur
476 886 634 962 augustae
656 876 753 940 fortia
776 875 919 940 claustra
942 874 1066 961 domus,

274 983 321 1048 Te
344 993 390 1068 ut,
413 982 585 1066 Gulielme,
608 982 712 1046 adeat.
743 983 845 1047 Preoe
867 983 902 1045 ni
924 982 1134 1047 Demetriusl
1157 983 1271 1068 obstet,

322 1091 362 1154 ln
384 1089 544 1154 thalamos
568 1090 645 1153 isset
668 1090 762 1175 virgo
784 1088 914 1175 petulca
935 1099 1017 1154 tuos.

210 1216 249 1260 ur.
276 1197 348 1276 Quo
371 1198 449 1281 ruis,
473 1220 492 1261 ο
515 1195 670 1261 demens?
692 1206 811 1282 quote
834 1194 924 1259 furor
947 1205 1040 1282 urget
1063 1198 1247 1261 amantem?

322 1303 413 1384 Quas
436 1313 553 1388 tentes,
575 1323 725 1389 proceres
747 1300 807 1365 has
830 1324 966 1390 posuere
990 1325 1087 1367 seras.

278 1410 365 1475 Audi
388 1411 482 1496 virgo
501 1421 588 1490 tuos3
612 1432 677 1473 non
701 1431 797 1496 quem
820 1419 866 1493 tu,
888 1410 1021 1474 incauta
1044 1409 1161 1497 puella,

323 1516 430 1597 Quem
452 1526 560 1605 patres
583 1527 704 1603 optant,
727 1515 815 1580 hunc
838 1525 878 1600 et,
903 1515 1065 1602 Hedvigis
1073 1522 1093 1602 ²,
1116 1539 1199 1582 ama

279 1624 408 1709 Dignus
431 1646 512 1708 eras,
536 1623 583 1688 nil
606 1622 698 1687 obsto
721 1622 789 1709 tibi,
813 1621 996 1708 Giulielme,
1020 1623 1077 1688 sed
1099 1622 1181 1688 illud

210 1746 249 1792 ao.
319 1730 498 1816 Indignum
520 1741 577 1814 est,
600 1739 688 1816 optet
712 1730 739 1793 si
763 1727 825 1793 sibi
848 1731 942 1815 virgo
965 1731 1081 1795 virum.

279 1836 373 1902 Adde
396 1836 483 1925 quod
506 1836 617 1902 utilior
639 1836 777 1901 diversis
798 1837 889 1901 venit
912 1835 953 1900 ab
977 1837 1051 1922 oris,

324 1943 520 2010 Sarmaticos
543 1943 660 2008 melius
684 1943 740 2030 qui
763 1952 893 2007 tueatur
916 1965 1020 2029 agros.

279 2051 445 2138 Insignem
467 2052 556 2115 fama
578 2061 610 2115 et
632 2049 761 2135 magnis
786 2048 963 2113 Lithuaniu
985 2048 1082 2116 sactis

321 2157 399 2244 Ipsa
421 2179 517 2221 suum
540 2156 648 2243 gelido
670 2157 769 2221 mittit
793 2154 833 2220 ab
858 2155 936 2220 orbe
958 2155 1083 2241 ducem,

210 2280 249 2326 us.
276 2263 428 2350 Ingentes
451 2264 507 2350 qui
531 2262 680 2350 adiungit
703 2286 780 2350 opes
803 2263 845 2326 ed
870 2272 997 2349 sceptra
1018 2261 1149 2327 Polonis

323 2370 479 2451 Quaerite
501 2381 534 2436 et
556 2371 632 2436 forti
654 2371 796 2457 piurima
818 2392 920 2456 regna
943 2391 1051 2435 manu.

279 2478 400 2564 Magna
422 2477 549 2565 loquor3
572 2478 667 2563 longe
691 2487 723 2541 at
746 2478 844 2543 dictis
867 2479 989 2542 maiora
1012 2477 1172 2565 relinquo:

322 2584 467 2649 Numina
489 2585 647 2672 promittit
668 2607 748 2649 vera
770 2586 944 2671 Deumque
967 2586 1058 2672 sequi

276 2691 318 2756 Et
340 2690 505 2758 Christum
528 2690 633 2776 idolis,
657 2713 740 2778 quae
761 2713 842 2777 gens
865 2692 942 2756 colit
964 2692 1030 2778 illa,
1052 2691 1173 2758 relictis

207 2816 246 2860 ro.
319 2798 483 2885 Amplecti
506 2819 545 2863 ac
568 2820 662 2863 sacro
685 2820 831 2883 mergere
854 2799 942 2863 fonte
966 2811 1072 2886 capnt.

279 2905 352 2970 Hoc
375 2906 556 2992 fratresque
578 2905 679 2970 duces
702 2905 764 2970 hoe
787 2916 827 2990 et,
851 2906 970 2992 quibus
993 2908 1139 2994 imperat,
1162 2906 1268 2992 urbes,

323 3012 481 3077 Facturus
503 3013 640 3100 populos
664 3013 799 3099 spondet
822 3022 853 3077 et
877 3013 931 3078 ille
955 3037 1039 3078 siros.

280 3119 379 3185 Hune
402 3120 588 3185 adversanti
611 3142 761 3206 proceres
784 3121 908 3185 sociare
929 3121 1066 3208 puellae,

322 3228 529 3292 Praefectum
551 3227 662 3313 regnis
685 3226 774 3291 huno
796 3225 928 3291 voluere
952 3229 1027 3292 suis.

202 3355 245 3398 rs.
276 3331 435 3398 Adieoere
457 3355 570 3419 preces
594 3356 717 3421 suaque
739 3332 857 3398 extulit
880 3355 936 3396 ora
960 3343 1100 3419 senatus,

366 3439 507 3505 Audiret
528 3462 626 3505 voces
649 3442 740 3527 regia
763 3441 856 3526 virgo
882 3462 966 3505 suos.

278 3689 459 3742 'Demetrius
479 3690 593 3742 (ἔοι-εἰη·
620 3689 777 3756 (Gorajski)‚
806 3697 862 3739 tum
891 3690 1074 3741 thesaurarius
1104 3690 1187 3756 regni.
1218 3693 1314 3741 Totum

177 3791 226 3828 rem
243 3779 337 3831 eadam
356 3778 412 3830 iere
430 3778 535 3830 nuens
553 3787 648 3830 narrat
665 3780 807 3829 cromerus
825 3779 853 3828 in
873 3787 991 3830 extremo
1010 3779 1078 3831 libro
1100 3778 1163 3829 xiv
1181 3777 1214 3831 de
1233 3780 1315 3830 rebus

179 3864 340 3920 Polouorum.

277 3953 288 3983 ¹
306 3958 434 4008 rorum
452 3963 501 4022 „tu
519 3956 670 4024 Heduigis“
689 3957 797 4023 scripsit
815 3959 846 4009 R.

608 4182 876 4237 —e—
