3016 5310
655 508 731 544 Parui
752 507 839 543 sonti

417 594 433 600 .-
451 583 598 600 ..;.,.....--.
616 591 885 600 .-.-----.-----—-—-.
901 580 1313 597 —'—..---—'—·——...--.

202 728 249 772 uo.
369 705 441 771 Neo
464 729 530 790 vos,
560 705 744 792 pannonico
767 725 905 790 quarum
936 702 1037 768 altera
1059 703 1142 769 vivit
1173 703 1209 768 in
1236 702 1316 787 orbe,

283 812 396 879 Ait-ers
419 813 591 897 teutonico,
616 814 679 876 iam
704 821 830 896 matres,
854 811 956 876 ultera
978 811 1065 897 regis
1076 815 1096 897 ¹,

280 920 442 1007 Principis
465 919 546 985 haec
569 919 679 1004 magni
704 920 825 983 coniux
834 918 856 1002 ³,
880 919 913 982 in
936 919 1038 1005 petris
1061 919 1162 984 amati

284 1027 412 1092 Funere
435 1027 585 1114 ploratu³
608 1038 748 1092 maestae
771 1027 910 1113 parcetis
933 1024 1059 1110 acerbo,

285 1134 367 1200 Cum
393 1134 549 1200 cecidisse
573 1157 682 1199 senem
706 1133 747 1197 ad
771 1144 895 1199 vestras
918 1134 1102 1220 pervenerit
1124 1155 1228 1197 aures.

205 1262 253 1305 us.
375 1241 448 1321 Quo
471 1250 516 1325 tu,
539 1241 673 1306 Albcrte
697 1246 827 1328 ncp0s⁴,
849 1241 950 1325 luctu,
973 1263 1037 1327 quo
1061 1240 1179 1305 funera
1202 1239 1293 1304 vultu

287 1348 410 1413 Audita
434 1349 596 1435 accipies?
620 1358 651 1412 et
675 1348 857 1413 avunculus
881 1347 1002 1413 occidit
1024 1357 1056 1412 et
1078 1369 1147 1431 rex,

285 1456 362 1520 Dux
387 1455 530 1539 Albente,
553 1466 638 1540 tuus,
661 1478 719 1543 por
742 1478 838 1542 quem
862 1455 921 1520 tibi
945 1465 1073 1542 sceptra
1095 1453 1212 1519 relicta

286 1563 528 1649 Imperiumque
552 1573 640 1627 tenos
663 1573 800 1649 pruteno
823 1562 940 1627 ductor
962 1563 996 1626 in
1019 1561 1106 1643 orbe,

285 1670 435 1756 Pacoquo
459 1678 614 1757 perpetua
638 1669 757 1735 frueris
779 1670 890 1735 vicina
913 1678 960 1734 tot
981 1670 1066 1733 inter

205 1798 253 1841 eo.
285 1775 385 1860 Bella,
409 1786 455 1840 tot
478 1777 592 1840 insano
616 1778 761 1862 surgenti
785 1777 819 1840 in
842 1775 965 1864 proclia
988 1776 1101 1841 Marte.

377 1884 508 1969 Vosque
531 1884 641 1968 duces,
663 1883 728 1949 late
751 1885 851 1971 seruit
874 1885 946 1970 quis
969 1884 1110 1949 teutonis
1133 1906 1200 1969 ora7

287 1991 437 2078 Hospitio
460 1992 530 2078 regi
553 1991 711 2077 longaevo
734 2002 767 2057 et
790 1990 919 2056 foedere
943 1992 1045 2056 iuncti

286 2097 446 2183 Coniugii,
470 2098 598 2183 quibus,
621 2099 690 2185 ipso
714 2121 789 2162 suas
814 2099 937 2162 sociare
961 2120 1085 2162 sorores

286 2204 451 2290 Dignatus
462 2210 482 2290 ⁵,
506 2228 641 2291 magnos
665 2205 722 2269 dat
744 2204 918 2291 lagellonis
942 2203 1088 2269 honores.

205 2331 253 2375 as.
351 2312 420 2375 Nec
443 2322 475 2377 te
498 2313 692 2397 transierim,
715 2312 843 2395 Caesar,
868 2313 1067 2398 fratremque
1091 2311 1268 2391 Quirinum
1277 2313 1298 2397 ⁶,

287 2420 390 2483 Arma
413 2419 613 2484 exsultantes
637 2421 721 2483 inter
744 2430 853 2506 totquc
877 2419 1020 2505 undique
1043 2416 1139 2502 belia,

287 2526 439 2590 Victores
464 2527 584 2611 ambos,
608 2527 724 2612 dignos
748 2527 953 2592 successibus
977 2525 1099 2590 ambos.

290 2633 445 2698 Sanctum
469 2634 542 2699 ilete
567 2657 684 2719 senem,
707 2634 851 2699 lacrimis
876 2657 916 2699 ne
940 2635 1063 2722 parcite
1087 2634 1219 2700 obortis.

288 2740 357 2803 Vos
381 2739 472 2805 dolor
494 2740 548 2805 hic
572 2742 690 2827 tangit,
712 2764 781 2825 rex,
805 2743 938 2827 sanguis
961 2750 1076 2827 vester,
1101 2742 1214 2827 obivit,

206 2866 254 2910 so.
285 2847 461 2912 Austriaca
484 2847 525 2912 de
549 2859 652 2913 matre
674 2872 778 2935 genus
800 2850 856 2934 qui
879 2849 970 2913 ducit
993 2850 1150 2935 asitumi,

288 2954 470 3042 Vestraque
492 2957 547 3042 qui
571 2956 727 3043 quioquid
750 2957 900 3022 victricia
923 2957 1018 3043 signa
1039 2955 1153 3042 tulere,

289 3062 425 3127 Pectore
447 3062 585 3127 laetatus
609 3074 675 3128 toto
698 3074 755 3149 est,
779 3064 910 3129 uicisset
933 3075 970 3128 ut
992 3065 1061 3152 ipse

184 3197 293 3205 -—-—-
306 3198 315 3204 .
330 3198 339 3204 -
365 3198 389 3204 ..-

290 3257 299 3285 ¹
319 3257 444 3322 isabella,
464 3261 557 3311 ioanni
577 3260 710 3326 Zapoiiae,
730 3262 918 3328 Hungarorum
938 3263 1004 3329 regi,
1023 3260 1133 3314 a1539
1145 3269 1239 3328 nupta,
1256 3275 1320 3326 quae

182 3365 206 3400 a.
228 3344 298 3399 1540
316 3348 391 3398 brevi
411 3356 470 3413 post
487 3350 614 3400 maritum
633 3357 766 3401 mortuum
785 3350 869 3400 tilium
889 3352 1016 3402 ioannem
1035 3351 1147 3417 peperit.

291 3434 302 3464 ²
320 3437 440 3503 Respicit
459 3439 610 3506 Hedvigim‚
630 3448 696 3491 natu
717 3441 862 3490 maximam
883 3440 1047 3508 Sigisurundi
1068 3439 1160 3505 filiam,
1187 3455 1221 3492 ex
1240 3439 1321 3506 priore

183 3541 265 3577 uxore
277 3527 398 3577 Barbara
410 3528 521 3594 Zapoiia
533 3536 633 3594 natam,
653 3530 795 3592 ioachimo,
816 3529 926 3582 electori
945 3528 1199 3596 Brundenburgensi
1217 3545 1241 3580 a.
1256 3525 1321 3580 1535

183 3621 306 3681 nuptam.

290 3702 349 3755 lIn
370 3706 410 3757 ed.
433 3708 580 3774 „prolatu“.

289 3792 300 3822 ⁴
319 3794 454 3860 Aibertus,
473 3798 573 3864 primus
592 3801 768 3850 Prutenorum
788 3800 850 3862 dux,
876 3798 945 3848 filius
964 3797 1088 3864 Sophiae,
1112 3796 1184 3848 tiliae
1202 3794 1322 3848 casimiri

183 3891 210 3934 et
229 3884 325 3934 sororis
345 3885 509 3951 sigismundi
529 3889 550 3950 I,
570 3888 729 3939 Poionorum
748 3905 848 3955 regum.

291 3969 302 3999 ⁵
320 3974 359 4022 Ex
373 3975 469 4039 quibus
489 3977 619 4043 Hedvigis
632 3978 725 4043 nupsit
737 3993 761 4027 a.
777 3975 846 4029 1475
859 3976 982 4043 Georgia
1001 3976 1063 4026 duci
1076 3975 1218 4038 Barcinae,
1230 3974 1325 4042 Sophia

183 4077 208 4112 a.
220 4059 289 4113 1479
300 4062 445 4119 l‘ridsrteo.
465 4065 613 4116 marchioni
629 4067 891 4132 Brandenburgensi,
904 4068 982 4115 Anna
995 4081 1019 4116 a.
1031 4061 1101 4116 1476
1114 4064 1257 4130 Boguslao,
1267 4062 1324 4115 duci

184 4149 325 4216 titolpensi,
348 4152 468 4204 Barbara
487 4155 610 4220 Georgia,
630 4155 691 4205 duci
711 4155 851 4217 Saronico,
871 4154 979 4205 Elisabe
998 4153 1143 4217 Friderico‚
1163 4153 1225 4204 (luci
1239 4153 1324 4221 Ligni·

183 4239 257 4290 censi
276 4239 403 4305 (Szujski,
424 4243 516 4308 Daieje
535 4244 626 4294 Polski
646 4246 681 4307 li,
700 4243 788 4294 stiw
810 4242 879 4296 1862
898 4261 941 4310 pg.
962 4242 1030 4308 117).

288 4323 441 4381 ⁰Caroium
460 4334 484 4382 V
502 4349 637 4384 caesarem
657 4341 684 4384 et
704 4333 911 4398 Fordinandum‚
937 4348 1075 4383 romanum
1093 4348 1193 4398 regem,
1219 4333 1324 4383 fratrem

184 4415 250 4480 eius,
271 4420 366 4486 tangit.

293 4508 301 4537 ⁷
321 4512 429 4563 Eiisabe
444 4512 523 4575 enim,
542 4512 681 4564 Albrechti
701 4514 726 4562 li
746 4512 863 4564 caesaris
883 4511 938 4563 filia
957 4517 1042 4583 nupta
1060 4516 1120 4562 erat
1137 4510 1269 4563 casimiro
1287 4510 1324 4562 la·

183 4601 342 4671 geilonidae,
362 4603 520 4653 i'oionorum
541 4602 606 4669 regi.
