3016 5310
804 445 881 479 reum
901 443 996 479 ROYle.

436 639 565 704 Deinde
590 638 656 703 solo
680 638 777 703 vertit
800 661 942 703 vacuum
966 649 1092 703 cratera
1116 661 1278 725 manuque

436 746 567 826 Vibrat3
591 746 737 810 vibratus
762 745 916 810 mantelia
940 746 1028 810 sicea
1051 744 1212 831 relinquit.

527 853 618 917 Haec
642 852 698 916 ubi
722 853 817 931 facta,
841 852 912 916 dari
935 852 1024 917 iubet
1047 853 1138 917 ocius
1161 851 1313 917 omnibus
1339 873 1406 915 una

354 982 402 1024 rs.
433 959 563 1042 Pocula,
587 982 669 1045 quae
694 982 752 1023 sua
775 959 911 1045 quisque
935 958 1046 1024 velens
1069 970 1158 1024 stans
1181 959 1329 1045 protinus
1356 957 1467 1042 haurit,

438 1067 626 1151 Haustaque
649 1078 698 1130 ter
720 1065 836 1131 dextra
859 1076 990 1151 quassat
1014 1066 1198 1152 mensisque
1221 1065 1360 1130 volutat:

436 1173 512 1237 Uda
534 1185 565 1238 et
589 1174 646 1236 vix
670 1195 796 1236 summa
819 1183 941 1237 restant
965 1173 1103 1258 vestigia
1126 1177 1280 1259 mappa¹:

435 1281 674 1365 Argumentum
697 1280 813 1365 ingens
837 1280 871 1343 in
895 1301 1003 1364 regem
1027 1290 1148 1364 quanta
1170 1278 1331 1344 voluntas.

435 1387 564 1470 Contra,
589 1408 664 1450 eum
688 1395 842 1472 superest,
866 1386 967 1449 animi
989 1397 1158 1472 reputatur
1181 1407 1322 1466 amaror3

352 1516 401 1559 ee.
434 1493 488 1557 Nil
512 1493 622 1558 bibere
645 1492 759 1557 hostile
783 1504 814 1556 ct
838 1493 989 1556 maiestas
1013 1491 1100 1557 laesa
1123 1503 1264 1579 putatur.

524 1601 602 1665 Post
625 1623 665 1664 ne
689 1611 906 1685 contemptam
930 1623 999 1665 sese
1022 1622 1178 1685 generosa
1200 1611 1358 1686 queratur

434 1707 537 1793 Regia
560 1708 739 1794 progenies,
763 1708 790 1771 si
813 1729 910 1793 quem
933 1707 1055 1792 regalia
1079 1717 1206 1793 sceptra

434 1814 510 1879 Post
534 1836 683 1900 suprema
708 1826 840 1878 manent
863 1814 1015 1900 longaevi
1038 1814 1106 1878 fata
1129 1815 1282 1900 parentis,

433 1922 464 1984 A
488 1922 602 2007 primis
626 1920 702 1985 olim
725 1921 830 2007 qualis
853 1920 998 1986 delectus
1021 1921 1061 1985 ab
1086 1923 1190 2005 annis,

351 2050 400 2093 ee.
432 2026 538 2107 Quem
561 2029 651 2114 genti
675 2029 822 2113 augustis
845 2028 995 2113 augenda
1019 2028 1061 2092 ad
1084 2051 1185 2114 regna
1209 2028 1375 2093 calendis²

434 2173 478 2181 —
501 2136 583 2199 Feta
595 2137 706 2199 iuvent
720 2136 904 2220 utinam,—
915 2135 996 2200 haee
1007 2134 1184 2200 laetissima
1197 2134 1304 2200 saeela
1316 2135 1456 2218 tulerunt

434 2243 609 2308 Sismundo
633 2254 729 2307 natus
752 2243 956 2327 Sismundus,
980 2244 1119 2307 nominis
1143 2243 1225 2307 alter

435 2349 541 2413 Huius
566 2361 831 2435 sauromataeque
855 2349 941 2414 idem
965 2372 1037 2436 spes
1061 2351 1162 2414 altera
1184 2350 1304 2434 gentis:

434 2456 526 2520 Illius
550 2456 589 2520 ob
614 2458 724 2541 vitam,
747 2457 788 2521 ob
812 2469 994 2522 crescentes
1017 2456 1105 2520 illius
1129 2479 1230 2521 annos

350 2586 399 2628 eo.
430 2565 605 2648 Indulgere
629 2566 747 2629 iterum
770 2564 900 2629 Bacche
923 2565 1012 2630 iubet
1036 2565 1176 2650 optimus
1199 2563 1325 2650 hospes.

522 2673 597 2736 Post
622 2673 766 2758 sequitur
790 2673 902 2757 regina
926 2694 1022 2735 suum
1045 2694 1121 2734 mox
1143 2669 1272 2735 Sforeia
1295 2680 1413 2733 natum

433 2778 529 2843 Hanc
552 2779 644 2842 iuxta
669 2778 827 2861 Elisabe³‚
856 2778 1027 2842 austriacis
1051 2800 1133 2862 quae
1157 2797 1261 2862 nuper
1284 2775 1409 2841 aberis

432 2887 625 2950 Sarmatiam
649 2884 690 2948 ad
715 2907 876 2969 magnam,
899 2885 967 2969 regi
991 2883 1145 2948 socianda
1170 2883 1285 2946 marito

431 2993 540 3075 Venit,
564 2993 753 3055 sarmaticae
777 3002 851 3055 ante
875 2991 955 3054 alias
979 2990 1148 3055 carissima
1171 2991 1271 3074 genti,

349 3120 397 3163 ee.
429 3100 540 3184 Digna
563 3099 641 3182 viro,
665 3098 783 3162 dilecta
806 3098 885 3181 vire,
910 3120 982 3184 spes
1007 3095 1120 3160 ultima
1143 3097 1235 3182 regni

432 3205 527 3269 Undc
551 3227 663 3290 genus,
686 3206 825 3290 iustique
849 3204 926 3267 olim
949 3204 1046 3290 longo
1069 3203 1182 3268 ordine
1205 3225 1299 3289 reges

432 3311 643 3376 Procedent⁴.

520 3419 634 3485 Cetera
657 3419 787 3503 reginas
812 3419 955 3505 seqnitur
978 3417 1097 3483 dehine
1120 3418 1210 3504 regia
1233 3416 1349 3504 proles.

430 3529 479 3592 Tu
502 3526 605 3610 bellis,
629 3524 777 3608 Isabella,
802 3525 891 3589 subis
915 3527 1033 3589 iactata
1057 3524 1205 3612 superbis

430 3634 616 3698 Pannoniae
641 3654 743 3718 nuper
766 3632 852 3718 regis
876 3633 1050 3696 iustissima
1076 3633 1205 3715 coniux,

327 3763 394 3806 100.
429 3741 527 3805 Nune
550 3740 650 3804 vidua
676 3738 799 3824 infelix,
823 3751 868 3803 tot
892 3739 982 3803 adire
1005 3751 1118 3804 coacta
1141 3738 1276 3823 labores,

429 3847 550 3912 Infelix
574 3869 669 3911 erasus
693 3859 739 3910 tot
763 3845 894 3911 volvere
918 3847 1006 3910 iussa
1031 3845 1212 3910 molestosl.

322 3985 443 3992 n—r—-

432 4063 438 4090 ¹
459 4063 514 4112 eod.
535 4078 609 4111 uavr.
632 4077 766 4122 ,summae
788 4090 818 4095 —
840 4063 979 4125 mappa&¹

431 4150 559 4200 ’alludit
586 4152 620 4200 ad
645 4152 713 4201 diem
740 4151 811 4216 regis
838 4151 1005 4212 natalicium,
1036 4150 1081 4214 qui
1107 4156 1164 4199 erat
1190 4148 1311 4199 calendis
1333 4145 1450 4215 augustis,

322 4256 339 4290 a
358 4257 408 4306 quo
428 4241 595 4306 sigismundo
618 4242 732 4290 alterum
751 4257 846 4289 nomon
865 4242 985 4301 Augusto
1005 4239 1116 4287 inclitum
1137 4247 1184 4287 est.

431 4329 441 4356 ³
460 4332 535 4379 Cous.
556 4330 632 4379 hrrius
654 4331 703 4378 rol.
725 4346 805 4379 carm.
826 4328 843 4378 ἵ)
862 4339 889 4378 et
908 4328 932 4379 6.

428 4419 438 4447 ⁴
459 4420 502 4468 n'ic
522 4420 548 4467 in
569 4420 651 4468 iustis.

429 4506 589 4572 r'Loquitur
613 4509 644 4557 de
672 4507 748 4556 bellis
774 4513 867 4557 contra
892 4515 982 4571 partes
1009 4506 1141 4556 [sabellao
1160 4507 1316 4573 'Parcasque
1334 4522 1352 4557 a
1370 4505 1448 4558 Ferali-
