2948 5302
548 125 705 160 saturatio.
1134 111 1199 160 xxi

50 190 435 201 *—

52 203 214 211 ———

50 316 174 400 peritia
197 318 386 404 poeticoque
409 320 540 403 ingenio
556 319 811 384 commendante.
836 319 961 405 Regum
977 341 1055 383 vero
1072 319 1200 382 Maeee-

52 422 168 507 viique
190 425 296 508 gratia
319 423 416 489 facile
440 425 681 511 assequebatur,
714 436 749 489 ut
779 447 843 489 nen
876 423 980 489 solum
1011 423 1202 508 aulicorum,

73 528 115 592 ed
141 531 240 594 etiam
264 530 402 595 aliorum
425 531 583 596 nobilium
608 531 802 597 Polonorum
825 531 928 597 oculis
959 533 993 595 in
1025 555 1100 595 eum
1127 553 1204 595 con-

55 637 166 699 versis
188 636 231 699 ad
256 639 407 703 convivia
431 635 634 703 invitaretur'
647 639 809 725 lautisque
833 661 927 725 saepe
947 637 1051 725 epulis
1067 641 1203 701 interes-

56 753 115 805 set.
157 744 208 806 Ita
232 746 397 830 cognitum
422 747 631 810 sarmaticum
664 745 817 832 epulandi
850 767 988 829 morem,
1027 743 1202 808 immodico

56 849 128 912 vini
146 850 276 935 cibique
293 874 353 914 usu
370 851 556 936 notabilem,
580 852 728 939 pluribus
746 852 945 916 carminibus
961 853 995 915 in
1011 853 1121 936 eisquc
1138 873 1202 914 uno

52 956 215 1042 ampliore
246 980 320 1022 cum
352 960 469 1024 festiva
505 960 723 1046 benevoleque
758 960 994 1046 vituperatione
1028 958 1201 1045 descripsit

51 1063 93 1144 (Ι,
119 1065 312 1147 233-2393
337 1068 380 1148 Il,
405 1069 603 1147 259-264).

165 1172 210 1234 At
233 1172 318 1236 inter
340 1195 380 1236 ea
403 1173 588 1238 conditione
612 1196 670 1237 sna
694 1175 727 1236 in
751 1172 826 1236 aula
843 1173 942 1258 regia,
966 1173 1080 1257 inqua
1099 1170 1202 1257 pluri·

53 1298 145 1338 mum
172 1279 239 1363 spei
266 1278 420 1364 ponebat,
453 1282 486 1343 in
519 1280 588 1344 (lies
620 1281 727 1343 minus
755 1292 824 1343 erat
849 1291 1026 1343 contentus.
1065 1279 1202 1341 Frustra

53 1384 271 1469 exspectabat
293 1408 311 1448 a
336 1408 412 1471 rege
436 1409 554 1449 rnunus
579 1385 710 1471 aliquod
731 1386 934 1450 fructuosum
952 1385 1022 1448 sive
1040 1382 1203 1467 iudiciale,

51 1490 125 1552 sive
149 1489 427 1574 ecclesiasticum,
458 1491 535 1555 talia
567 1493 652 1557 enim
685 1492 917 1576 contingebant
941 1489 1040 1575 vulgo
1072 1488 1202 1553 l'elenis

52 1595 231 1679 nobilibus,
255 1599 358 1684 ipsius
382 1621 460 1662 vero
484 1598 636 1662 nobilitas
662 1599 847 1684 peregrina,
873 1608 907 1661 ut
930 1599 962 1660 in
988 1620 1120 1662 censum
1146 1618 1202 1660 ve-

52 1703 125 1766 nire
149 1715 267 1788 posset.
290 1728 371 1790 opus
395 1717 465 1769 erat
488 1706 672 1791 potentibus
697 1704 908 1785 adiutoribus,
931 1704 1049 1788 quibus
1065 1714 1202 1788 excepto

53 1808 225 1874 blacenvio
250 1812 391 1876 carebat.
415 1810 507 1876 Alios
530 1811 645 1876 florere
668 1813 774 1896 gratia
790 1811 1037 1896 promoveriqnc
1058 1832 1115 1894 per
1132 1832 1202 1872 mu-

54 1911 171 1978 lierum
192 1929 280 1980 artes
296 1917 338 1980 ad
354 1917 528 2004 ampliores
545 1917 666 2002 gradus
683 1917 834 2002 officique
850 1918 1023 1998 benefieiis,
1048 1939 1081 1978 se
1099 1915 1202 1980 solum

56 2023 226 2105 praeteriri
250 2045 348 2109 aegre
372 2025 481 2088 ferens
505 2025 537 2087 in
563 2025 627 2089 otio
651 2023 752 2087 multa
777 2025 1011 2109 epigrammata
1035 2021 1153 2086 ricerba
1169 2023 1202 2085 in

59 2126 201 2192 medices
225 2130 478 2217 astrologosqne,
509 2133 563 2217 qui
596 2132 758 2194 immerita
789 2131 980 2193 auctoritate
1008 2128 1202 2209 fruerentur,

62 2233 93 2295 in
115 2237 323 2324 presbyteros
348 2237 517 2323 plerosque
542 2260 634 2300 sacro
658 2259 792 2300 munere
816 2235 977 2318 indignos,
1001 2236 1033 2296 in
1051 2233 1202 2296 mulieres

64 2341 245 2405 ambitiosas
271 2343 518 2428 irnpndieasque
542 2343 768 2406 conscribebat
799 2342 1067 2423 (11,409-429;
1092 2341 1202 2402 464-

70 2447 144 2528 467).
170 2449 300 2512 Mortuo
326 2472 402 2513 vero
427 2473 453 2512 a.
481 2451 566 2513 iure
592 2449 748 2513 Garnrato
771 2447 812 2510 de
836 2449 906 2532 ipsa
930 2445 1080 2509 mercede
1103 2445 1203 2507 hono-

72 2554 152 2637 raria,
174 2577 239 2640 qua
263 2553 460 2619 liberalitate
484 2557 555 2619 eius
579 2554 756 2637 fruebatur,
787 2555 912 2619 timens.
944 2554 1008 2614 iam
1040 2550 1145 2614 redire
1169 2551 1201 2613 in

75 2661 194 2740 patriam
218 2663 254 2724 in
279 2663 425 2725 animuin
450 2661 642 2741 inducebat,
667 2684 741 2725 eum
765 2661 970 2723 blaceovius.
998 2656 1144 2721 Gnmrati
1169 2656 1203 2717 in

76 2765 244 2854 episcopatu
270 2769 475 2832 cracoviensi
508 2790 690 2850 successor,
723 2767 828 2852 gratia
859 2762 1114 2846 liberalitatequc
1147 2782 1206 2824 sua

79 2865 285 2958 desperantem
325 2876 488 2939 recreavit
527 2874 769 2958 (lraeoviaeque
805 2871 946 2933 retinuit.
994 2869 1091 2930 ltrcri
1132 2877 1210 2929 ante

79 2969 254 3044 Ganratum
278 2979 437 3044 Elisaben
462 2981 609 3065 reginam
632 2981 827 3042 exstinctam
852 2978 963 3057 (15le
988 2975 1131 3060 Reyzius
1148 2973 1209 3034 tri·

79 3076 124 3145 bus
145 3085 303 3151 brevibus
326 3087 572 3173 epigrammatis
605 3087 660 3169 (ll,
684 3088 738 3167 32)
764 3083 959 3169 deploravit,
990 3103 1067 3143 irrox
1100 3081 1205 3163 ipsum

78 3182 252 3257 dannatum
279 3193 409 3257 funebri
435 3195 580 3257 carmine
604 3190 760 3278 ampliore
784 3200 973 3275 prosecutus
996 3187 1035 3260 (l.
1052 3187 1206 3265 art-98),

78 3313 168 3363 nense
191 3311 264 3386 post
282 3299 324 3362 ad
341 3300 502 3363 Maceovii
520 3300 661 3384 episcopi
681 3296 899 3360 cracoviensis
916 3293 1074 3375 designati
1093 3287 1205 3352 landes

75 3400 273 3470 celebrandas
296 3407 429 3469 transiit
452 3406 489 3487 (Ι.
515 3406 713 3484 227-230).
753 3402 821 3465 Nee
852 3400 1024 3463 ‹lefuerunt
1053 3396 1206 3459 continuo

74 3513 247 3576 (tensiones
272 3536 360 3575 nova
384 3513 531 3575 earmina
556 3508 769 3594 componendi
799 3509 930 3591 ipseque
954 3504 1141 3590 propensior
1165 3499 1206 3562 ad

71 3635 101 3678 ea
122 3618 221 3682 fuisse
247 3618 390 3701 videtur,
414 3619 566 3704 episcopo
590 3614 791 3679 cracoviensi
817 3614 920 3674 arrrico
945 3607 1075 3671 facilius
1099 3616 1208 3690 ‹qttata

68 3735 289 3789 assecuturum
315 3746 350 3787 se
374 3736 482 3805 ratus,
514 3724 540 3784 si
565 3721 733 3807 paululum
759 3718 968 3780 adniteretur.
1007 3712 1150 3786 Accidit,
1175 3721 1210 3774 ut

64 3830 244 3916 astrologus
268 3829 405 3915 quidam
431 3830 666 3892 vaticinaretur
690 3824 902 3888 Maceorinnr.
927 3820 951 3881 si
979 3818 1137 3884 Crnceria
1154 3839 1209 3879 ex-

61 3938 222 4021 cessisset,
248 3938 367 4001 vivum
398 3958 436 3999 eo
459 3957 523 3997 non
548 3953 774 4010 reversurum,
807 3927 967 4010 vulgoque
1000 3922 1212 4007 ‹lepleralmnt

56 4042 206 4107 homines
223 4041 352 4108 creduli
370 4041 473 4105 fatum
492 4040 649 4126 episcopi,
674 4059 747 4100 enm
766 4044 916 4116 aegrotus
933 4043 1038 4116 spreto
1057 4028 1211 4091 vaticinio

53 4150 87 4214 in
122 4149 245 4214 lec-tica
278 4147 420 4235 pellibus
454 4145 620 4208 involutus
653 4142 764 4205 urbem
799 4138 987 4224 reliquisset.
1031 4133 1094 4212 Qui
1136 4155 1210 4195 cum
