3016 5310
667 464 841 499 DUUSCANA.

674 548 770 555 ..η-μ.
786 548 876 554 ——t—
898 538 1009 555 --<——=—-
1020 538 1216 546 ———-

339 662 432 743 Aere,
456 682 553 724 snum
575 680 652 724 cum
674 659 733 725 rix
756 682 811 725 aes
834 681 1005 725 numerare
1028 669 1134 746 quest

285 767 359 831 Non
382 788 492 852 regem
515 774 707 852 agnoscunt,
727 788 796 831 non
816 767 908 853 regie
930 767 1020 832 insse
1043 776 1225 854 capessunt,

203 899 252 941 eo.
336 873 471 959 Spretos
491 872 616 958 legatos
639 874 758 959 aspicis
781 894 858 939 eece
881 883 962 938 tuos.

284 981 417 1066 Legatis
440 979 587 1045 clausere
610 979 726 1064 lorum,
749 979 896 1045 clausere
919 979 1102 1065 macellum,

339 1087 535 1153 Clauserunt
558 1085 676 1171 aditus,
699 1086 835 1170 moenie„
858 1086 989 1173 temple,
1010 1086 1157 1158 domos„

285 1194 378 1274 the
401 1193 461 1258 tibi
485 1192 598 1257 elenen
619 1202 706 1279 puta.
729 1192 820 1272 Quid
841 1194 937 1277 enim,
964 1216 1026 1259 rex
1045 1192 1167 1280 inclite,
1188 1191 1298 1279 refert,

338 1300 481 1365 Nuntius
505 1323 550 1364 un
570 1300 722 1386 princeps
744 1298 806 1364 boc
829 1300 971 1387 patiatur
994 1300 1102 1367 idem?

202 1429 251 1473 ss.
282 1409 342 1472 Est
365 1409 469 1471 instar
492 1429 606 1492 regum
629 1417 661 1471 et
683 1405 843 1492 quaedem
866 1407 993 1493 legatus
1016 1408 1133 1494 image,

339 1513 412 1592 Quo
436 1513 533 1597 laese,
557 1523 593 1578 ut
616 1513 703 1578 laeso
726 1514 882 1600 principe,
906 1515 1029 1578 crimen
1052 1515 1122 1578 erit.

285 1621 359 1685 Non
382 1621 515 1684 invente
539 1620 614 1684 ullis
638 1644 718 1706 gens
741 1633 788 1685 est
812 1630 879 1684 tum
903 1620 1044 1686 borbore
1066 1621 1171 1706 terris,

339 1726 413 1806 Qua
437 1749 571 1791 currum
594 1727 691 1791 Titan
715 1726 841 1814 fertque
864 1729 1026 1814 refertque
1050 1751 1155 1815 snum,

287 1833 379 1912 Quae
403 1856 468 1898 non
492 1834 607 1919 legetis
631 1834 733 1898 iustos
761 1846 792 1898 et
814 1833 948 1899 haberet
970 1834 1117 1920 honores,

203 1962 252 2005 eo.
336 1940 379 2004 Et
402 1952 495 2027 grato
519 1941 683 2027 exciperet
707 1941 841 2006 comiter
864 1940 1012 2027 bospitio,

287 2047 352 2127 Qui
377 2047 494 2112 bruma
516 2048 598 2113 haec
620 2049 752 2113 ineunte
775 2047 904 2132 audent,
928 2048 1006 2134 quid
1031 2070 1107 2113 vere
1131 2070 1270 2132 reverso,

341 2155 413 2219 Rex
437 2155 595 2240 Auguste,
619 2154 680 2219 sibi
704 2177 769 2219 non
792 2155 923 2220 licuisse
947 2156 1082 2241 putent?

288 2260 371 2325 Cum
395 2260 545 2348 pleeidus
568 2263 675 2327 ventis
699 2271 762 2326 stet
786 2273 903 2348 pontus
934 2272 966 2326 et
990 2283 1130 2348 aequore
1152 2271 1271 2327 nantas

341 2366 515 2433 Fluctibus
538 2368 680 2432 invitent
702 2368 737 2432 in
761 2368 847 2433 vedu
874 2379 950 2432 nota
974 2368 1066 2433 suis?

204 2496 253 2539 95.
284 2474 358 2553 Quo
381 2473 529 2563 Scyllam
552 2484 583 2539 et
606 2474 734 2564 libycus
757 2475 853 2540 licent
877 2485 1084 2541 contemnere
1098 2475 1213 2564 Syrtes

341 2581 500 2667 Tempore
523 2591 555 2646 et
578 2581 687 2645 infidis
712 2581 844 2647 credere
868 2583 941 2647 vela
964 2583 1071 2646 notis?

287 2687 377 2752 Iram
401 2710 509 2773 acuns,
532 2688 682 2752 meritam
705 2711 842 2776 poenam
866 2690 1049 2754 accelerare
1068 2710 1200 2755 necesse
1216 2698 1279 2769 est3

341 2795 484 2880 Seroquc
507 2794 710 2881 principibus
733 2796 978 2883 praecipitanda
1000 2819 1091 2861 moro
1114 2806 1171 2861 est.

287 2903 470 2965 Assumunt
494 2902 640 2965 animum
663 2911 780 2986 sontes,
804 2903 942 2967 audacio
966 2904 1092 2987 crescit,

185 3031 254 3074 100.
342 3008 377 3074 Si
401 3009 553 3094 princeps
577 3008 709 3073 sceleris
733 3010 862 3094 segnior
887 3009 971 3073 ultor
994 3011 1065 3093 crit,

287 3116 330 3179 Et
354 3138 439 3180 nove
462 3117 655 3204 contemptis
679 3117 877 3182 meditantur
901 3117 1039 3181 crimine
1062 3116 1208 3202 sceptris,

341 3221 384 3285 Et
407 3222 494 3288 melu
515 3225 698 3309 praeteritis
722 3223 930 3288 accumulare
953 3223 1057 3287 malis.

288 3329 451 3394 Inclamat
474 3339 583 3395 noster
607 3330 700 3394 fusus
725 3333 795 3396 sine
819 3331 954 3395 crimine
979 3330 1125 3415 sanguis:

346 3436 536 3521 „Ulciseure
560 3447 640 3522 tuos,
664 3439 720 3523 qui
743 3439 812 3502 sine
835 3437 907 3523 lege
931 3437 1061 3502 cudunt.

184 3562 253 3606 tos.
290 3543 358 3606 Aut
382 3545 482 3607 nostri
506 3543 626 3608 oblitus
651 3553 681 3608 te
706 3545 876 3624 uleisccrc3
901 3544 984 3608 ferre
1009 3542 1120 3608 licebit

344 3649 379 3715 Si
403 3661 459 3714 tua
483 3652 634 3714 maiestas
658 3650 746 3716 laese
770 3664 925 3738 tuumque
950 3651 1050 3715 decus

289 3755 339 3821 Sit
362 3768 486 3820 sartum
509 3768 540 3822 et
564 3767 694 3841 tectum
718 3758 801 3823 mole
825 3768 921 3822 natus
944 3767 976 3823 et
999 3757 1053 3821 illc
1077 3767 1217 3842 senatus,

341 3863 382 3927 In
405 3887 501 3949 quem
525 3863 659 3950 deliquit
672 3871 691 3949 ¹,
715 3867 832 3931 sentiet
856 3875 952 3951 etque
975 3864 1058 3928 fleat.

289 3968 378 4048 Quid
402 3971 497 4035 fleat?
520 3971 609 4036 houd
633 3972 786 4055 lacrimis⁷
809 3972 974 4058 persolvat
997 3972 1155 4057 sanguine
1174 3994 1305 4057 poenus,

178 4097 255 4140 rto.
342 4077 491 4142 Mordeat
514 4089 545 4143 et
569 4101 663 4144 eneso
687 4089 818 4165 gutture
843 4079 936 4142 fusus
959 4078 1104 4142 humum

289 4182 487 4248 Vulturibus
510 4187 683 4273 corvisque
705 4185 852 4252 voranda
876 4185 1037 4250 cadavere
1059 4194 1204 4272 prostent

184 4338 265 4346 ———
341 4340 389 4346 --..

292 4435 391 4486 ¹msti.
411 4435 537 4486 exhibent
559 4437 734 4501 „transfixit“.
767 4439 882 4488 Correxi.
914 4439 1040 4488 Fortasse
1058 4436 1166 4503 scripsit
1183 4437 1227 4487 n:
1258 4435 1325 4501 „inu

184 4523 257 4591 quod
276 4524 434 4575 transfixit“.
