3016 5310
543 493 700 529 valtramo.
1118 481 1193 530 XLV

56 562 711 570 ———--—-——--
718 563 851 570 ——-.-
861 563 1080 570 ————-
1089 564 1191 572 ———.

55 709 115 751 rum
137 688 173 751 in
198 708 341 752 censura
363 687 548 753 exercenda
566 710 608 752 ne
624 687 802 753 sacerdotis
818 688 951 774 quidem
967 689 1094 774 virique
1110 691 1194 754 iuris

57 795 192 860 canonici
224 795 321 880 periti
352 793 463 860 officia
493 793 703 881 neglegebat,
735 796 928 881 saepiusque
959 796 993 859 in
1016 795 1191 882 praesules,

35 902 100 987 .qui
122 912 178 966 aut
202 902 275 989 ipsa
298 900 470 966 novandae
492 901 568 965 lidei
593 901 701 966 studia
718 901 922 986 adiuvarent,
946 911 1001 966 ant
1017 903 1102 968 inter
1117 925 1192 988 pro·

58 1008 196 1072 lanarum
220 1030 330 1072 rerum
355 1029 451 1072 curas
475 1009 638 1073 ambitiosi
655 1009 910 1095 corporibusque
928 1008 1028 1074 dediti
1046 1010 1193 1073 muneris

59 1115 108 1181 sibi
130 1116 296 1180 commissi
321 1114 600 1198 obliviscerentur,
632 1117 791 1180 acerrime
817 1118 967 1181 invectus
991 1127 1048 1180 est.
1084 1117 1192 1201 Atque

60 1232 87 1287 ut
105 1245 178 1288 acer
201 1225 236 1287 in
260 1222 467 1307 exagitandis
491 1224 590 1307 vitiis,
614 1224 660 1287 ita
684 1236 835 1287 strenuus
858 1225 892 1286 in
916 1223 1121 1289 celebrandis
1138 1244 1195 1286 sa-

60 1329 214 1397 cerdotnm
237 1329 426 1413 virtutibus,
448 1351 528 1416 prae
551 1330 667 1394 ceteris
691 1329 850 1396 Samuelis
874 1330 1048 1413 Maceovii,
1072 1328 1194 1395 deinde

61 1435 220 1502 Garncovii
250 1437 514 1522 Domanoviiqne
548 1437 769 1522 integritatem
800 1437 887 1501 vitae
922 1438 1192 1523 sanctitatemque

62 1566 171 1608 norum
194 1543 397 1608 carminibus
420 1543 612 1608 testificatus
636 1555 693 1607 est.
728 1545 936 1629 Quantopere
959 1555 1066 1609 autem
1091 1565 1193 1609 curae

61 1651 83 1714 ei
101 1649 207 1733 fuerit,
230 1660 267 1714 ut
290 1650 359 1714 vita
382 1671 552 1736 moresque
577 1649 744 1716 christiani
761 1651 881 1735 integri
898 1661 1117 1733 servarentur,
1133 1649 1191 1713 do·

62 1767 196 1822 ramento
220 1757 274 1822 vel
297 1757 332 1821 id
348 1779 419 1821 esse
435 1767 547 1843 potest,
571 1757 658 1844 quod
674 1756 714 1821 de
730 1757 927 1821 Iudaeorum
944 1756 1096 1822 liberiore
1113 1778 1191 1822 cum

63 1862 176 1928 Polonis
200 1865 414 1950 Lituanisque
438 1865 632 1930 commercio
656 1863 762 1950 deque
784 1887 895 1928 corum
926 1863 1014 1951 apud
1038 1875 1196 1948 utrosque

10 1972 12 1983 '
63 1970 128 2036 iuris
150 1970 342 2036 condicione
366 1972 589 2057 conqueritur:
613 1970 705 2034 nefas
728 1972 814 2036 enim
839 1995 909 2035 esse
932 1970 1061 2056 exlege
1078 1970 1193 2035 divina

63 2077 224 2143 christiano
246 2078 334 2165 apud
359 2078 497 2143 Iudaeos
514 2077 629 2142 famuli
647 2100 779 2142 munere
797 2078 900 2163 fungi,
924 2080 1062 2143 cumeis
1080 2078 1191 2143 cibum

63 2204 175 2270 capere,
205 2184 328 2270 lavari,
358 2184 507 2251 habitare
529 2207 705 2271 eorumque
729 2185 963 2249 consuetudine
991 2186 1055 2268 uti,
1085 2206 1192 2270 neque

63 2312 184 2378 aequum
209 2316 280 2359 esse
304 2292 436 2357 Indaeis
453 2292 600 2357 fenerare
616 2293 811 2378 permittere,
835 2292 869 2356 id
884 2292 971 2378 quod
988 2292 1102 2356 divina
1117 2290 1194 2376 lege

64 2397 214 2464 christiani
230 2399 465 2486 prohibeantur
480 2400 602 2479 (Decis.
617 2398 664 2463 lit.
680 2399 720 2483 V,
736 2401 815 2479 3223
836 2400 901 2463 218
918 2422 997 2485 sqq.;
1023 2399 1088 2463 233
1101 2400 1193 2483 sqq).

153 2507 305 2595 Royaius,
329 2519 364 2571 ut
388 2507 527 2592 scripsit,
550 2507 596 2570 ita
619 2505 772 2592 pleraque
796 2529 866 2570 esse
889 2505 951 2570 sibi
976 2514 1192 2591 persuaserat,

63 2635 129 2698 qnae
152 2613 224 2677 aliis
249 2613 467 2700 praecipiebat
483 2623 539 2677 ant
554 2612 781 2698 exprobrabat,
804 2613 923 2698 ipsein
941 2613 1009 2677 vita
1025 2611 1189 2676 communi

63 2719 242 2806 sequebatur
264 2730 321 2785 aut
343 2720 477 2802 vitabat,
493 2758 536 2767 -
559 2718 664 2785 multa
685 2731 794 2785 tamen
817 2742 900 2805 quae
923 2721 957 2783 in
982 2717 1087 2783 lucem
1111 2718 1195 2783 emi·

62 2839 140 2911 arat,
163 2850 229 2892 non
253 2828 394 2913 ingenuo
418 2827 497 2891 artis
521 2826 629 2891 studio
652 2827 818 2912 animique
841 2829 969 2891 sincero
992 2827 1110 2890 affectu
1133 2824 1191 2889 de-

60 2932 171 3017 bentur,
202 2934 259 2998 sed
292 2933 433 2999 fortuitis
465 2955 573 2999 rerum
598 2933 859 3016 condicionibus,
892 2935 978 2997 vitae
1002 2931 1195 3015 commodis,

58 3042 226 3106 amicorum
241 3051 514 3127 patronorumque
529 3040 700 3106 desideriis
717 3041 1037 3126 invitationibusque.
1060 3040 1099 3105 In
1117 3039 1192 3104 bre-

56 3148 142 3215 vibus
174 3148 435 3234 epigrammatis,
465 3148 500 3211 in
528 3147 647 3233 quibus
670 3170 741 3231 eos,
771 3170 910 3231 quorum
933 3148 1013 3211 vitia
1037 3145 1194 3229 traducit,

55 3276 108 3321 non
131 3265 310 3340 nuncupat,
335 3253 525 3341 plerumque
548 3255 679 3338 ingenio
703 3278 761 3318 suo
784 3255 982 3340 obsequitur,
1013 3255 1046 3318 in
1071 3253 1191 3319 carmi-

54 3362 140 3427 nibus
164 3383 244 3427 vero
264 3362 362 3426 certis
382 3361 569 3425 nominibus
585 3362 753 3446 inscriptis
769 3362 956 3447 saepissime
972 3373 1004 3425 et
1020 3362 1070 3424 sui
1087 3361 1195 3445 ipsius

53 3480 79 3533 et
98 3492 222 3551 eorum,
244 3467 364 3555 quibus
387 3467 511 3551 scribit,
536 3469 660 3532 ratione
683 3469 852 3554 gratiaque
870 3468 1010 3532 ducitur.
1034 3466 1132 3532 Unde
1154 3466 1190 3531 id

53 3577 148 3663 ipsum
174 3574 365 3662 explicabis,
388 3575 475 3662 quod
498 3577 645 3640 carmina
661 3576 731 3640 eius
748 3574 938 3662 plerumque
954 3574 996 3638 ad
1013 3576 1102 3639 viros
1119 3575 1195 3638 sive

53 3682 237 3749 inPolonia
261 3683 332 3747 sive
355 3682 442 3768 apud
465 3693 593 3747 exteros
618 3683 733 3768 opibus
756 3683 903 3767 gratiave
931 3683 1075 3767 insignes
1105 3680 1192 3745 refe·

53 3803 169 3869 matur,
203 3789 289 3855 docti
321 3799 430 3855 autem
453 3789 651 3874 litteratique
679 3789 777 3853 etiam
800 3790 845 3867 ei,
876 3811 1014 3876 quorum
1045 3787 1193 3852 amicitia

10 3878 12 3893 Ι
54 3897 205 3982 utebatur,
229 3908 286 3961 aut
309 3919 489 3982 nunquam,
513 3907 548 3960 ut
572 3896 711 3961 Ioannes
734 3895 963 3962 Ooohanovius
986 3907 1018 3960 et
1034 3894 1195 3960 Nicolaus

52 4000 172 4093 Reyus,
213 4014 269 4068 aut
300 4025 375 4069 raro
405 4025 566 4089 parceque
598 4015 902 4087 commemorantur,
937 4003 1126 4089 praesertim
1163 4003 1192 4065 si

54 4111 300 4178 aGbiliasticho
323 4111 469 4176 carmine
492 4109 640 4193 recedas,
671 4111 765 4175 cuius
788 4111 989 4197 propositum
1013 4109 1191 4195 pleniorem

53 4219 186 4302 partium
206 4217 365 4283 ccclesiae
381 4238 534 4281 romanae
550 4218 804 4302 recognitionem
821 4217 1017 4303 requirebat.
1042 4218 1086 4281 At
1102 4217 1193 4280 cirea

55 4326 322 4391 remunerationes
346 4322 572 4410 sportulasque
603 4334 659 4390 aut
682 4324 900 4410 assequendas
925 4334 981 4387 ant
1004 4333 1100 4409 grata
1122 4344 1192 4385 me-

10 4460 12 4465 ·
56 4433 148 4496 nuria
171 4430 429 4519 prosequendas,
461 4432 550 4495 circa
580 4442 693 4495 acutas
720 4431 926 4495 inimicorum
951 4431 1116 4495 irrisiones
1140 4430 1192 4491 in-

10 4530 12 4611 }
56 4539 275 4625 rectionesque
298 4559 392 4602 musa
414 4538 484 4603 eius
507 4537 782 4624 praetermodum
800 4537 1042 4603 foreversatur.
1066 4537 1191 4621 Regem
