3016 5310
183 423 233 472 XX
672 435 828 470 reinserta.

180 629 333 694 Poloniae
356 629 476 694 finibus
500 628 692 711 excellebat,
714 629 828 693 erebro
853 628 1122 713 eongregabatur.
1149 629 1330 715 Ipsumque

181 736 224 800 ad
256 736 364 800 aulam
396 737 519 820 regiam
550 735 675 799 aditum
706 735 870 821 adpetenti
901 735 1026 823 Royzio
1061 736 1222 821 imprimis
1258 737 1329 822 ipse

180 842 372 907 Maeeovius
396 841 588 928 patefecisse
614 841 871 905 eonunendando
897 842 1034 905 videtur.

290 951 417 1013 Minora
440 949 600 1035 quaedam
624 950 770 1012 earmina
786 950 1084 1034 epigrammataque
1100 948 1244 1035 Royzius
1262 951 1325 1012 iam

183 1080 211 1120 a.
244 1058 328 1121 1542
356 1055 534 1120 Craeoviae
565 1056 786 1141 composuisse
818 1055 948 1118 videtur
980 1060 1027 1138 (ut
1055 1056 1102 1138 Il,
1135 1057 1325 1136 ean-2563

183 1165 224 1227 37
251 1188 294 1249 sq.
319 1162 403 1246 alia),
428 1162 484 1226 sed
509 1184 546 1226 ea
570 1173 626 1224 aut
649 1161 809 1226 oodieillis
826 1161 936 1225 olausa
953 1176 1007 1225 aut
1025 1184 1098 1226 eum
1116 1163 1233 1226 amieis
1250 1162 1326 1226 solis

183 1271 422 1334 eommunieata
455 1269 543 1355 prelo
566 1269 703 1352 luceque
728 1268 857 1353 publiea
883 1269 1050 1345 sarebona
1081 1271 1222 1354 primunr
1248 1291 1325 1333 vero

183 1399 312 1441 earnren
339 1375 485 1461 amplius
510 1376 593 1460 (prod
620 1376 689 1460 ipse
712 1399 739 1437 a.
768 1377 851 1439 lata
869 1376 1046 1439 Craeoviae
1070 1375 1197 1440 duobus
1216 1399 1325 1439 exem-

181 1482 337 1568 plaribus,
361 1481 462 1545 altero
487 1482 687 1565 vulgaribus,
712 1481 813 1544 altero
837 1481 1090 1562 elegantioribus
1114 1484 1202 1569 typis
1226 1505 1325 1546 exeu-

183 1589 324 1654 dendum
362 1590 505 1672 eitravit,
539 1600 587 1651 est
622 1589 673 1651 De
708 1601 864 1674 apparatu
901 1590 1086 1674 nuptiarum
1123 1587 1322 1670 Sigismundi

183 1697 333 1780 Augusti)
357 1695 508 1758 l’oloniao
533 1696 628 1778 regiS,
652 1707 747 1779 atque
771 1694 929 1777 Elisabes,
955 1696 980 1758 F
983 1695 1164 1776 erdinandi
1189 1707 1257 1758 tum
1277 1717 1324 1758 ro-

183 1804 270 1866 mani
296 1804 390 1887 regis,
411 1802 495 1864 tiliae
519 1802 725 1883 (1,29—41).
750 1801 815 1886 Ipsi
834 1801 986 1866 Elisabae
1005 1803 1145 1889 lloyzius
1162 1801 1326 1867 dedicavit

185 1909 245 1973 hoe
258 1932 389 1973 earmeu
403 1908 535 1990 elegans
552 1909 814 1993 prooemiumque
830 1908 871 1970 ad
889 1932 960 1970 eam
977 1911 1134 1994 seriptum
1150 1911 1324 1994 praemisit,

183 2039 246 2102 quo
270 2015 484 2102 pollicebatur
508 2016 586 2096 lore,
611 2026 645 2077 ut
669 2015 766 2077 etiam
791 2016 921 2100 nuptias
941 2017 1010 2080 eius
1027 2016 1184 2100 singulari
1203 2015 1326 2101 epitha-

183 2121 280 2186 lamio
304 2122 492 2186 celebraret.
521 2123 545 2183 si
572 2121 631 2184 hee
656 2144 788 2184 earrnen
811 2134 939 2205 gratum
964 2134 1197 2207 aee-aptumque
1221 2124 1251 2186 ei
1277 2123 1324 2186 fu-

184 2231 270 2292 isset.
294 2236 367 2308 ttuo
391 2229 498 2290 animo
524 2229 635 2310 regina
652 2250 782 2290 earmeu
801 2240 912 2314 poetae
929 2231 1099 2314 adceperit,
1125 2231 1324 2313 ignoranrus;

182 2334 348 2420 probabile
372 2346 478 2398 tamren
504 2346 645 2398 osteum
671 2335 754 2396 inter
779 2336 899 2418 primas
925 2359 1027 2398 novae
1051 2335 1252 2399 eondieiouis
1271 2359 1325 2400 eii·

183 2463 237 2505 ras
261 2443 324 2504 iam
351 2442 419 2527 ipso
443 2454 586 2526 tempore
611 2441 725 2503 idoneo
757 2440 798 2503 ad
831 2444 976 2504 earmina
1004 2442 1143 2522 legemla
1167 2445 1328 2507 caruisse:

184 2560 269 2612 eerte
295 2549 444 2634 llovzius.
470 2571 663 2633 ipianrquanr
689 2549 846 2634 meurisse
864 2551 951 2611 stetit
967 2549 1275 2636 epitlralamiumque
1293 2551 1324 2612 in

183 2656 316 2738 reginae
341 2654 469 2717 laudem
495 2656 660 2738 ingeniose
678 2670 892 2740 aerurateipie
911 2658 1101 2740 taniseripsit
1118 2657 1155 2740 (I,
1171 2659 1324 2736 422—th1),

183 2764 357 2847 impensae,
381 2763 503 2846 opinor,
520 2762 633 2847 impar.
650 2763 754 2847 ipsum
773 2764 860 2848 typis
876 2786 938 2825 non
958 2763 1068 2841 abdit,
1085 2763 1139 2827 sed
1160 2765 1326 2828 llaeeovio

185 2868 372 2932 dedicatum
396 2870 480 2930 inte-1·
504 2891 600 2930 rnanu
627 2870 749 2953 seripta
779 2870 915 2954 reliquit.
954 2871 1103 2934 Ceterum
1136 2872 1233 2934 etiam
1266 2871 1326 2935 hoe

185 2996 315 3038 earmen
341 2976 507 3038 lllaeeovio
533 2976 778 3038 eiairnnemlante
803 2978 981 3038 innotuisse
1009 3000 1168 3061 (penuque
1197 2979 1325 3062 petebat-

183 3080 307 3144 aditum
333 3082 457 3168 Rovzio
480 3081 521 3143 ad
546 3081 652 3144 aulam
679 3085 800 3166 regiam
836 3086 1024 3168 patet'eeisso
1058 3084 1196 3146 videtur.
1232 3084 1326 3149 Certe

181 3198 213 3251 et
237 3189 304 3273 ipse
322 3189 471 3251 solertia
488 3189 698 3251 Deeisionum
717 3189 946 3253 lituaniearum
965 3193 1163 3276 praelatione
1180 3202 1324 3255 extrema

182 3295 426 3378 Sigismumlum
456 3297 467 3357 l
493 3296 593 3379 ipsius
619 3296 752 3357 coasilio
786 3298 817 3357 in
842 3298 922 3358 iuris
946 3298 1139 3383 ‹piilursdaur
1165 3300 1326 3382 qiuaestio-

181 3402 278 3465 nibus
303 3425 396 3464 usum
421 3424 490 3464 esse
514 3413 544 3464 et
568 3403 632 3463 iam
657 3426 684 3465 a.
714 3405 797 3465 tata
819 3404 999 3488 pestilentia
1018 3405 1195 3469 Oraeoviae
1212 3421 1326 3468 exorta

180 3508 451 3595 praelectionibus
477 3510 509 3570 in
536 3510 747 3572 universitate
773 3512 966 3574 intermissis
992 3513 1148 3599 ltovzium
1169 3534 1231 3574 una
1249 3534 1325 3575 eum

183 3617 357 3697 llaeeovio,
390 3615 481 3697 regni
505 3615 775 3679 vieeeaneellario
808 3619 839 3678 ia
867 3617 995 3681 ‹ohorte
1029 3620 1113 3703 regis
1139 3618 1224 3680 illius
1249 3640 1325 3681 oum

182 3746 240 3787 sua
272 3723 393 3808 filiique
425 3744 527 3785 risiare
558 3745 635 3785 rura.
666 3723 846 3787 Craeoviae
878 3726 986 3788 vieina
1017 3725 1189 3788 evitandae
1226 3725 1326 3811 pestis

182 3852 280 3893 eausa
308 3831 511 3916 peragrantis
544 3829 644 3892 fuisse
669 3832 809 3912 vestigia
840 3831 997 3916 quaedam
1030 3855 1093 3894 non
1127 3833 1203 3894 satis
1236 3842 1326 3896 serta

180 3947 355 4022 supersunt
380 3936 434 4017 (ll.
459 3936 537 3998 238*
560 3938 644 4011 -240,
670 3936 765 3999 XLV
790 3940 877 4022 sqq).
902 3938 973 4002 Hoe
998 3939 1066 4002 fere
1089 3951 1232 4023 tempore
1256 3940 1326 4001 An-

178 4042 263 4127 gela,
290 4042 437 4105 Elisabes
455 4041 575 4104 famula
593 4043 770 4116 carissima,
792 4043 939 4108 decessit.
956 4047 1132 4129 reginaque
1150 4044 1325 4108 mandante

180 4149 325 4237 Royzius
350 4149 418 4211 eius
443 4160 578 4211 mortem
603 4149 705 4213 nitido
730 4151 892 4236 epitaphio
917 4151 1095 4215 celebravit
1119 4153 1174 4232 (ll,
1198 4154 1241 4216 32
1258 4156 1326 4237 sq.).

180 4254 370 4320 Pestilentia
396 4256 458 4317 iam
484 4257 631 4340 proximo
655 4279 739 4319 anno
765 4261 876 4337 (1544)
901 4260 1026 4322 saevire
1044 4259 1210 4322 desinente
1226 4261 1324 4322 etiam

117 4373 119 4377 ’
181 4363 325 4450 Royzius
350 4361 391 4424 ad
416 4362 608 4446 professoris
632 4386 768 4427 munera
792 4364 942 4428 olmunila
965 4366 1155 4431 Craeoviam
1181 4368 1325 4444 revertit,

182 4470 302 4534 mansit
325 4480 433 4533 tamen
453 4470 667 4554 necessitudo,
691 4493 787 4557 quam
805 4472 921 4536 inierat
938 4495 1011 4536 oum
1029 4472 1104 4535 aula
1120 4475 1218 4558 regia,
1242 4474 1329 4537 iuris.
