3016 5310
678 456 812 490 sacculus.

628 525 944 532 .—.-—--..—.—

280 650 401 716 Posala
426 661 512 714 stant
536 662 661 729 eontra3
686 671 811 714 vaeuus
835 649 939 730 loeus3
963 648 1078 735 hospes
1102 648 1207 713 abisse

279 758 446 824 Conuiuas
470 768 590 821 maeret
615 779 806 843 mensasque
830 766 936 821 astare
959 755 1096 820 relictas.

282 865 350 929 b'ee
374 865 482 928 minus
507 863 574 949 hos,
597 865 682 928 inter
705 888 784 950 qnos
809 874 872 928 stat
896 864 1032 928 victoria
1056 884 1186 927 mensae

282 970 467 1057 Gloriaque,
491 971 607 1034 immiti
632 972 723 1034 iuvat
747 970 916 1055 indulgere
939 969 1042 1058 lyaeo.

371 1077 459 1163 Ergo
483 1077 571 1141 velut
595 1101 705 1141 mansa
731 1076 868 1141 bibitum
893 1075 973 1140 nihil
997 1086 1080 1140 esset
1104 1077 1137 1138 in
1161 1075 1226 1159 illa,

283 1184 417 1270 [inpigri
442 1206 571 1248 rursum
596 1183 761 1269 auoipiunt
784 1183 929 1268 ingentia
952 1182 1067 1247 deutra

282 1290 413 1375 Pocula,
437 1291 689 1377 distinctumque
714 1290 839 1354 eboris¹
865 1301 999 1374 cratera,
1024 1313 1153 1355 movere

285 1397 391 1476 Quem
414 1421 554 1484 nequeas
578 1408 712 1483 utraque
737 1421 845 1462 manu.
871 1398 986 1462 Bibere
1011 1421 1111 1484 usque
1135 1397 1195 1461 sub
1215 1398 1320 1460 imum

283 1503 398 1568 Ardua
421 1527 485 1569 res:
510 1506 616 1591 pauni,
639 1505 742 1569 laetus
766 1528 847 1591 quos
874 1504 1021 1569 Bacchus
1045 1505 1175 1588 amavit,

200 1631 212 1647 ”
240 1661 247 1674 .
284 1611 495 1676 Sauromatae
520 1625 659 1698 potuere.
691 1612 748 1677 sui
773 1634 824 1675 res
849 1635 927 1677 ausa
952 1611 1071 1676 laboris

285 1717 434 1781 Praemia
457 1740 576 1803 magna
601 1718 677 1781 olim
702 1717 860 1782 monacho
884 1718 970 1799 tulit3
994 1717 1101 1782 hausit
1125 1718 1159 1782 in
1183 1717 1283 1787 altum

285 1822 456 1889 Sublatam
479 1835 605 1890 cratera
629 1849 693 1890 uno
716 1863 760 1872 —-
783 1848 834 1890 res
858 1827 940 1889 mira
964 1865 1007 1872 —
1030 1836 1152 1890 tenore:

282 1931 423 2017 Dignus,
448 1932 501 1996 eui
524 1931 640 1997 mediis
664 1931 749 1995 mola
773 1931 875 1997 libera
901 1942 1013 2017 surgat
1036 1933 1070 1996 in
1095 1931 1201 2016 undis,

284 2037 421 2104 Centum
445 2062 528 2125 quae
552 2062 616 2102 una
642 2038 746 2123 urbes,
770 2049 964 2125 uentumque
988 2039 1053 2103 alat
1075 2061 1137 2104 una
1162 2037 1317 2103 cucullas·

242 2194 249 2208 .
285 2143 414 2229 Ingenti
437 2169 514 2231 ergo
538 2147 658 2209 instant
683 2147 832 2226 01·at01·i‘³;
855 2145 917 2210 hoe
940 2148 1076 2233 imperat
1099 2144 1227 2232 hospes:

285 2250 453 2317 Convivae
476 2252 551 2316 laeti
576 2262 688 2339 parent
712 2263 743 2316 et
767 2253 843 2316 vinu
867 2263 1049 2340 capessunt.

287 2358 432 2445 Quisque
456 2382 550 2423 suum
575 2372 685 2446 potare
708 2359 842 2423 eborum
868 2361 1007 2424 conviva
1034 2360 1169 2425 iubetur.

288 2465 352 2528 Hie
376 2465 528 2530 fraudare
552 2468 656 2545 nefas3
681 2466 769 2530 eadit
792 2465 918 2554 hospite
941 2467 1049 2532 iudiee
1074 2472 1196 2531 eausa-‘³

286 2571 475 2655 Fraudator,
500 2573 595 2657 paulo
620 2573 705 2637 cedit
730 2572 769 2635 lis
794 2575 882 2637 vieta
907 2585 1074 2638 momento.

183 2700 250 2743 res.
285 2677 359 2741 Non
382 2678 529 2744 homines
554 2680 603 2742 fas
626 2691 683 2763 est,
707 2703 770 2743 non
795 2679 958 2767 appellare
982 2681 1166 2766 Iovemque.

286 2924 294 2953 ¹
315 2925 391 2976 Corn.
414 2927 559 2989 „chorais“,
579 2942 653 2976 narr.
677 2926 806 2985 „chorisffi
827 2927 896 2991 quod
908 2928 994 2991 recepi
1007 2928 1033 2976 in
1044 2936 1145 2977 textum
1155 2926 1317 2976 dubitanter.

179 3013 306 3080 singulae
317 3015 428 3065 crateris
440 3024 537 3079 partes,
557 3015 644 3064 anulis
655 3016 806 3077 distinctae,
827 3015 972 3080 significari
984 3016 1114 3065 videntur.
1135 3017 1209 3065 conr.
1222 3031 1246 3064 v.
1259 3013 1319 3066 182.

287 3102 297 3130 ²
317 3111 429 3168 uterque
448 3114 539 3153 metus.
562 3110 706 3163 ,cratero·'.

287 3190 297 3220 ³
318 3200 432 3253 „oausa“
454 3202 493 3243 est
514 3194 657 3242 ablativus.
