3016 5310
676 461 830 496 meruero.
1239 433 1329 501 113114ξ

180 680 249 722 rum
275 655 326 721 ed.
341 639 481 739 trude,
505 676 557 741 pg.
579 656 646 738 46),
668 667 757 720 'recte
782 655 868 740 talia,
894 664 1002 744 utpote
1016 668 1046 721 va
1070 660 1212 742 genuina
1236 660 1325 744 poesi

184 765 381 847 aberrantia,
404 763 600 848 improbans.
782 748 785 754 ’
1263 752 1265 757 ’

191 905 194 908 ·
238 908 241 911 -
286 871 347 935 Est
379 871 476 935 etiam
509 869 574 933 alia
609 871 701 934 ratio'
726 854 994 935 illustrandorum
1032 873 1211 936 carminum
1248 873 1335 937 buie'

182 989 329 1063 cognata,
352 976 532 1063 elegantior
555 987 663 1041 tamen
687 966 926 1064 venustiorque,
950 984 1013 1065 qua
1038 978 1187 1043 similiter
1207 990 1325 1043 sonan-

182 1087 223 1150 tia
246 1096 489 1171 componuntur
513 1084 555 1148 ad
578 1105 715 1148 acumen
739 1084 912 1170 quoddam,
936 1086 995 1172 ipsi
1014 1088 1168 1150 carminis
1196 1098 1336 1151 senten*

183 1194 242 1259 tiae
258 1203 381 1279 aptum3
404 1192 624 1256 excitandum.
649 1193 690 1256 ΕΙ
707 1193 778 1278 ipsa
795 1175 843 1255 usi
862 1204 937 1256 sunt
951 1177 1089 1279 ‘antiqui
1115 1215 1191 1279 prae
1207 1196 1337 1266 ceteris

182 1282 335 1384 rbetores,
358 1283 558 1385 pareclicsim
583 1300 831 1384 paronomasian
848 1298 998 1362 similiter
1014 1297 1223 1386 appellantes.
1249 1301 1324 1387 lpse

183 1408 305 1492 Cicero,
333 1430 407 1471 cum
432 1427 563 1470 causam
590 1415 702 1469 contra
727 1406 863 1470 Verrem
888 1418 998 1490 ageret
1021 1430 1159 1491 errorque
1183 1405 1326 1472 ludibrio

184 1497 302 1580 hahere
327 1513 433 1597 vellet,
454 1496 505 1577 ⁴arl
531 1515 671 1576 nominis
696 1515 764 1577 eius
789 1515 964 1598 genuinam
989 1515 1149 1578 notionem
1179 1513 1325 1579 alludere

185 1645 243 1687 non
269 1622 441 1705 dubitarit,
476 1605 701 1699 Quintilianus
727 1643 804 1684 vero
829 1608 901 1705 (ΙΧ,
926 1623 968 1685 66
993 1625 1071 1708 sqq.)
1096 1624 1199 1686 fusius
1224 1623 1266 1686 de
1287 1632 1335 1686 ea

185 1751 214 1794 re
237 1731 307 1814 agit
332 1750 466 1813 eamque
489 1715 694 1793 romanorum
719 1730 913 1815 scriptorum
938 1729 1018 1793 locis
1049 1729 1199 1795 illustrat.
1230 1717 1325 1796 Certe

185 1836 427 1922 epigrammatis
450 1835 551 1900 indoli
576 1837 696 1922 optime
719 1837 920 1900 conveniunt
941 1837 1116 1900 eiusmodi
1135 1838 1325 1900 annomina-

186 1944 284 2008 tiones
309 1965 526 2028 sonorumque
550 1941 733 2024 allusiones,
765 1943 883 2028 quibus
908 1943 1067 2006 Martialis
1096 1943 1226 2029 quidem
1250 1966 1324 2006 raro

187 2050 219 2134 (I
243 2052 300 2133 303
326 2050 383 2132 Vl,
402 2052 455 2130 173
479 2050 574 2132 VIII,
591 2049 646 2130 623
671 2051 731 2133 ΙΧ,
748 2052 803 2129 85;
829 2051 908 2134 ΧΙΙ,
924 2053 988 2132 39),
1013 2051 1199 2136 saepissime
1216 2061 1324 2114 tamen

188 2157 327 2246 lloyzius
351 2158 462 2241 utitur,
485 2179 589 2242 neque
613 2156 716 2219 solum
741 2158 774 2219 in
799 2150 1056 2242 epigrammatis5
1088 2177 1202 2220 verum
1227 2147 1324 2220 etiam

188 2266 216 2328 iu
241 2263 377 2350 reliquis
401 2263 609 2328 carminibus
710 2284 712 2288 ’

289 2370 391 2435 Ludit
414 2371 515 2454 igitur
538 2380 632 2435 acute
663 2372 697 2433 in
721 2371 861 2435 diversis
886 2371 1072 2436 notionibus
1095 2392 1210 2434 vocum
1241 2373 1325 2435 inter

188 2501 216 2542 ae
240 2478 498 2560 consonantium,
522 2476 623 2541 veluti
648 2501 721 2541 curu
748 2479 799 2541 ius
823 2478 917 2540 modo
942 2478 1021 2565 recti
1040 2480 1205 2563 aequique,
1231 2478 1324 2541 modo

188 2586 246 2650 eibi
278 2584 404 2649 decocti
437 2585 566 2648 notione
599 2596 733 2671 usurpat
764 2585 823 2667 (ΙΙ,
848 2588 922 2667 2518,
948 2585 1110 2659 LXVIII)
1137 2585 1191 2649 vel
1215 2585 1325 2649 Motae

189 2693 324 2780 Hispani
349 2713 466 2756 nomen
491 2713 566 2755 cum
591 2681 699 2755 morae
724 2714 803 2754 voce
827 2693 990 2777 componit
1013 2684 1050 2771 (Ι,
1077 2693 1149 2775 186,
1173 2692 1237 2756 688
1258 2696 1325 2777 sq.).
1386 2748 1388 2753 .

189 2799 236 2864 rel
261 2799 414 2863 unionem
440 2800 510 2863 sive
535 2799 806 2863 consociationem
832 2797 1025 2861 Polonorum
1049 2799 1326 2884 Lituanorumquo

188 2909 336 2971 unionem
361 2908 537 2993 pretiosum
569 2929 625 2970 seu
658 2907 867 2991 margaritam
900 2897 1040 2991 appellat
1071 2906 1128 2990 (ΙΙ,
1153 2909 1226 2989 275,
1250 2906 1323 2990 ΙΙΙ),

185 3014 232 3079 vel
257 3036 334 3078 eum
358 3013 496 3077 Romani
520 3014 740 3098 Sangusconis
756 3013 851 3078 ducis
867 3015 1074 3099 praenomine
1091 3012 1238 3098 portendi
1255 3014 1326 3076 eius

185 3143 260 3187 vere
283 3143 453 3186 romanam
477 3121 629 3185 virtutem
656 3130 837 3184 commonet
861 3120 917 3205 (ΙΙ,
943 3122 993 3192 19,
1018 3122 1046 3195 Ι;
1072 3123 1123 3203 20,
1148 3121 1200 3196 V).
1229 3119 1326 3185 Simi-

184 3227 256 3293 liter
279 3227 365 3292 ludit
388 3228 422 3290 in
445 3226 568 3292 eisdem
593 3228 679 3291 sonis
703 3241 824 3311 certae,
857 3228 956 3313 piscis
988 3228 1129 3312 generis⁷
1160 3239 1327 3313 aptarum·

183 3357 243 3421 que
268 3333 447 3400 formarum
472 3333 625 3398 adjectivi
650 3346 757 3399 certus
782 3332 837 3412 (ΙΙ,
862 3334 934 3417 239,
949 3334 1092 3418 LXIX),
1117 3331 1168 3397 vel
1186 3334 1327 3398 nominis

184 3443 270 3507 Petri
303 3452 335 3506 et
365 3454 476 3528 petrae
508 3443 568 3525 (ΙΙ,
601 3444 653 3526 29,
681 3442 794 3526 XXV,
827 3444 937 3527 beu).
978 3442 1216 3527 Nonnunquam
1249 3440 1327 3504 talia

183 3550 363 3635 quantitate
379 3548 483 3613 solum
501 3548 703 3638 syllabarum
721 3549 884 3632 differunt,
902 3560 936 3613 ut
952 3548 1175 3630 mulus-a-um,
1192 3547 1326 3610 mulus-i

184 3667 213 3721 et
237 3655 381 3720 mala-ae
406 3656 461 3740 (ΙΙ,
486 3659 560 3740 357,
585 3658 626 3740 8),
651 3656 801 3719 munibus
817 3667 849 3720 et
865 3656 1015 3719 manibus
1033 3657 1069 3739 (Ι,
1086 3656 1160 3737 275,
1177 3656 1206 3736 5,
1223 3649 1243 3717 5
1260 3660 1327 3740 sq.).

184 3763 248 3830 Sed
279 3763 424 3852 Royzius
459 3785 500 3827 ne
531 3765 718 3827 remotiores
750 3762 881 3849 quidem
914 3785 1065 3826 sonorum
1097 3760 1327 3825 similitudines

184 3872 316 3958 spernit,
339 3870 422 3935 ludit
446 3872 532 3935 enim
557 3872 589 3934 in
614 3871 740 3934 Mundii
765 3871 1088 3934 cuiusdam-nomine
1113 3892 1186 3934 cum
1205 3869 1328 3932 mundo

185 3991 215 4043 et
238 3978 409 4042 immundo
433 3977 492 4058 (ΙΙ,
516 3980 595 4061 218,
621 3979 807 4058 Vir-rx),
840 3980 872 4040 in
904 3977 969 4041 Ula
1000 3999 1075 4042 arce
1106 3999 1180 4040 otim
1213 3977 1327 4040 formis

186 4084 260 4169 ulla‚-
286 4083 385 4168 ulula,
409 4084 535 4150 ululare
559 4087 614 4169 (ΙΙ,
638 4085 805 4169 20,V111;
830 4086 883 4167 22,
901 4083 980 4162 XV·,
1007 4086 1070 4147 124
1094 4108 1147 4169 sap,
1174 4084 1237 4161 lX;
1262 4084 1327 4165 XI3

186 4191 278 4276 ΧΙΙ),
302 4193 336 4254 in
359 4192 467 4256 Loeae
491 4191 618 4256 abbatis
642 4192 795 4256 clivensis
815 4192 945 4254 nomine
961 4213 1036 4255 cum
1054 4190 1126 4254 loco
1140 4191 1178 4273 (Ι,
1195 4191 1260 4255 275
1274 4212 1328 4276 sq.‚

187 4301 214 4382 5,
238 4298 254 4362 Ι
278 4309 311 4363 et
333 4298 390 4381 ΙΙ),
421 4298 560 4385 denique
583 4301 617 4362 in
643 4299 755 4363 formis
779 4299 851 4381 tine,
885 4297 963 4362 sune
991 4308 1022 4362 et
1046 4297 1161 4362 funere
1192 4298 1229 4379 (Ι.
1256 4294 1328 4381 189,

188 4405 229 4489 ΙΙ,
254 4408 309 4487 10;
333 4408 408 4490 476,
432 4406 572 4491 XLIII),
595 4408 677 4493 perit
700 4418 731 4470 et
756 4406 842 4492 parit
857 4405 912 4489 (ΙΙ,
933 4407 1006 4488 311,
1024 4405 1088 4485 ΧΙ(
1113 4406 1187 4488 312,
1204 4403 1328 4482 XVII),

190 4511 258 4576 Lux
282 4521 314 4577 et
337 4511 392 4577 lex
415 4513 471 4597 (ΙΙ,
496 4514 569 4597 204,
594 4515 648 4592 28)
674 4513 909 4600 comparandis.
