<?xml version="1.0" encoding="UTF-8"?>
<!DOCTYPE html PUBLIC "-//W3C//DTD XHTML 1.0 Transitional//EN"
    "http://www.w3.org/TR/xhtml1/DTD/xhtml1-transitional.dtd">
<html xmlns="http://www.w3.org/1999/xhtml" xml:lang="en" lang="en">
 <head>
  <title>
</title>
<meta http-equiv="Content-Type" content="text/html;charset=utf-8" />
  <meta name='ocr-system' content='tesseract 3.04.00' />
  <meta name='ocr-capabilities' content='ocr_page ocr_carea ocr_par ocr_line ocrx_word'/>
</head>
<body>
  <div class='ocr_page' id='page_1' title='image "./petriroyziimaur01morogoog_0440.png"; bbox 0 0 3016 5310; ppageno 0'>
   <div class='ocr_carea' id='block_1_1' title="bbox 211 659 1049 1816">
    <p class='ocr_par' dir='ltr' id='par_1_1' title="bbox 294 659 948 747">
     <span class='ocr_line' id='line_1_1' title="bbox 294 659 948 747; baseline 0.005 -24"><span class='ocrx_word' id='word_1_1' title='bbox 294 659 417 724; x_wconf 82' lang='lat' dir='ltr'>Matres</span> <span class='ocrx_word' id='word_1_2' title='bbox 440 670 472 724; x_wconf 78' lang='lat' dir='ltr'>et</span> <span class='ocrx_word' id='word_1_3' title='bbox 494 660 595 746; x_wconf 82' lang='lat' dir='ltr'>pueri,</span> <span class='ocrx_word' id='word_1_4' title='bbox 619 683 693 725; x_wconf 82' lang='lat' dir='ltr'>aera</span> <span class='ocrx_word' id='word_1_5' title='bbox 715 662 771 747; x_wconf 92' lang='lat' dir='ltr'>qui</span> <span class='ocrx_word' id='word_1_6' title='bbox 795 661 948 727; x_wconf 82' lang='lat' dir='ltr'>lavantur</span> 
     </span>
    </p>

    <p class='ocr_par' dir='ltr' id='par_1_2' title="bbox 235 765 1019 960">
     <span class='ocr_line' id='line_1_2' title="bbox 294 765 1019 854; baseline 0.006 -24"><span class='ocrx_word' id='word_1_7' title='bbox 294 766 368 831; x_wconf 84' lang='lat' dir='ltr'>Non</span> <span class='ocrx_word' id='word_1_8' title='bbox 392 766 493 848; x_wconf 81' lang='lat' dir='ltr'>u11013</span> <span class='ocrx_word' id='word_1_9' title='bbox 521 765 703 853; x_wconf 78' lang='lat' dir='ltr'><strong>astrologus</strong></span> <span class='ocrx_word' id='word_1_10' title='bbox 726 779 832 854; x_wconf 87' lang='lat' dir='ltr'>negat.</span> <span class='ocrx_word' id='word_1_11' title='bbox 863 770 1019 834; x_wconf 85' lang='lat' dir='ltr'>Fatemur</span> 
     </span>
     <span class='ocr_line' id='line_1_3' title="bbox 235 873 820 960; baseline 0.003 -23"><span class='ocrx_word' id='word_1_12' title='bbox 235 896 262 938; x_wconf 81' lang='lat'>5.</span> <span class='ocrx_word' id='word_1_13' title='bbox 292 875 472 960; x_wconf 81' lang='lat' dir='ltr'>Aegrotare</span> <span class='ocrx_word' id='word_1_14' title='bbox 494 873 600 959; x_wconf 70' lang='lat' dir='ltr'>fidem,</span> <span class='ocrx_word' id='word_1_15' title='bbox 622 884 678 938; x_wconf 89' lang='lat' dir='ltr'>tuo</span> <span class='ocrx_word' id='word_1_16' title='bbox 702 874 820 939; x_wconf 83' lang='lat' dir='ltr'>dedisti</span> 
     </span>
    </p>

    <p class='ocr_par' dir='ltr' id='par_1_3' title="bbox 297 980 1011 1069">
     <span class='ocr_line' id='line_1_4' title="bbox 297 980 1011 1069; baseline 0.006 -25"><span class='ocrx_word' id='word_1_17' title='bbox 297 981 405 1060; x_wconf 80' lang='lat' dir='ltr'>Quam</span> <span class='ocrx_word' id='word_1_18' title='bbox 427 982 498 1066; x_wconf 84' lang='lat' dir='ltr'>regi</span> <span class='ocrx_word' id='word_1_19' title='bbox 521 980 625 1065; x_wconf 82' lang='lat' dir='ltr'>modo,</span> <span class='ocrx_word' id='word_1_20' title='bbox 648 980 854 1069; x_wconf 78' lang='lat' dir='ltr'>perfidusque</span> <span class='ocrx_word' id='word_1_21' title='bbox 878 983 1011 1069; x_wconf 86' lang='lat' dir='ltr'>frangis.</span> 
     </span>
    </p>

    <p class='ocr_par' dir='ltr' id='par_1_4' title="bbox 296 1088 950 1174">
     <span class='ocr_line' id='line_1_5' title="bbox 296 1088 950 1174; baseline 0.005 -24"><span class='ocrx_word' id='word_1_22' title='bbox 296 1088 361 1152; x_wconf 80' lang='lat' dir='ltr'>Hie</span> <span class='ocrx_word' id='word_1_23' title='bbox 386 1089 414 1152; x_wconf 88' lang='lat' dir='ltr'>si</span> <span class='ocrx_word' id='word_1_24' title='bbox 436 1088 570 1153; x_wconf 82' lang='lat' dir='ltr'>morbus</span> <span class='ocrx_word' id='word_1_25' title='bbox 593 1089 677 1152; x_wconf 84' lang='lat' dir='ltr'>inest</span> <span class='ocrx_word' id='word_1_26' title='bbox 700 1089 766 1152; x_wconf 90' lang='lat' dir='ltr'>tuis</span> <span class='ocrx_word' id='word_1_27' title='bbox 789 1089 950 1174; x_wconf 82' lang='lat' dir='ltr'>medullis,</span> 
     </span>
    </p>

    <p class='ocr_par' dir='ltr' id='par_1_5' title="bbox 296 1195 860 1281">
     <span class='ocr_line' id='line_1_6' title="bbox 296 1195 860 1281; baseline 0.002 -22"><span class='ocrx_word' id='word_1_28' title='bbox 296 1195 330 1259; x_wconf 80' lang='lat' dir='ltr'>Si</span> <span class='ocrx_word' id='word_1_29' title='bbox 352 1195 553 1281; x_wconf 74' lang='lat' dir='ltr'>praecordia,</span> <span class='ocrx_word' id='word_1_30' title='bbox 577 1195 604 1258; x_wconf 93' lang='lat' dir='ltr'>si</span> <span class='ocrx_word' id='word_1_31' title='bbox 628 1196 719 1259; x_wconf 89' lang='lat' dir='ltr'>sinus</span> <span class='ocrx_word' id='word_1_32' title='bbox 743 1195 860 1281; x_wconf 78' lang='lat' dir='ltr'>adurit,</span> 
     </span>
    </p>

    <p class='ocr_par' dir='ltr' id='par_1_6' title="bbox 211 1301 1049 1497">
     <span class='ocr_line' id='line_1_7' title="bbox 296 1301 972 1388; baseline 0.004 -24"><span class='ocrx_word' id='word_1_33' title='bbox 296 1302 408 1367; x_wconf 87' lang='lat' dir='ltr'>Vivax</span> <span class='ocrx_word' id='word_1_34' title='bbox 431 1303 459 1365; x_wconf 89' lang='lat' dir='ltr'>si</span> <span class='ocrx_word' id='word_1_35' title='bbox 482 1323 539 1367; x_wconf 81' lang='lat' dir='ltr'>cor</span> <span class='ocrx_word' id='word_1_36' title='bbox 561 1301 629 1366; x_wconf 81' lang='lat' dir='ltr'>edit</span> <span class='ocrx_word' id='word_1_37' title='bbox 651 1312 811 1388; x_wconf 81' lang='lat' dir='ltr'>negatque</span> <span class='ocrx_word' id='word_1_38' title='bbox 835 1326 972 1388; x_wconf 73' lang='lat' dir='ltr'>somnos,</span> 
     </span>
     <span class='ocr_line' id='line_1_8' title="bbox 211 1409 1049 1497; baseline 0.004 -25"><span class='ocrx_word' id='word_1_39' title='bbox 211 1431 260 1472; x_wconf 80' lang='grc' dir='ltr'>ιο.</span> <span class='ocrx_word' id='word_1_40' title='bbox 292 1410 451 1495; x_wconf 85' lang='lat' dir='ltr'>Aegrotas</span> <span class='ocrx_word' id='word_1_41' title='bbox 475 1409 572 1473; x_wconf 91' lang='lat' dir='ltr'>nimis</span> <span class='ocrx_word' id='word_1_42' title='bbox 595 1419 627 1473; x_wconf 83' lang='lat' dir='ltr'>et</span> <span class='ocrx_word' id='word_1_43' title='bbox 649 1409 755 1473; x_wconf 90' lang='lat' dir='ltr'>nimis.</span> <span class='ocrx_word' id='word_1_44' title='bbox 787 1409 884 1493; x_wconf 80' lang='lat' dir='ltr'>Quid,</span> <span class='ocrx_word' id='word_1_45' title='bbox 906 1411 1049 1497; x_wconf 73' lang='lat' dir='ltr'>inquam,</span> 
     </span>
    </p>

    <p class='ocr_par' dir='ltr' id='par_1_7' title="bbox 293 1514 878 1602">
     <span class='ocr_line' id='line_1_9' title="bbox 293 1514 878 1602; baseline 0.003 -24"><span class='ocrx_word' id='word_1_46' title='bbox 293 1515 475 1601; x_wconf 78' lang='lat' dir='ltr'>Aegrotas?</span> <span class='ocrx_word' id='word_1_47' title='bbox 507 1514 667 1602; x_wconf 79' lang='lat' dir='ltr'>Superara</span> <span class='ocrx_word' id='word_1_48' title='bbox 690 1526 721 1580; x_wconf 83' lang='lat' dir='ltr'>te</span> <span class='ocrx_word' id='word_1_49' title='bbox 744 1516 878 1602; x_wconf 75' lang='lat' dir='ltr'>negaba,</span> 
     </span>
    </p>

    <p class='ocr_par' dir='ltr' id='par_1_8' title="bbox 293 1622 942 1712">
     <span class='ocr_line' id='line_1_10' title="bbox 293 1622 942 1712; baseline 0.003 -27"><span class='ocrx_word' id='word_1_50' title='bbox 293 1624 337 1686; x_wconf 85' lang='lat' dir='ltr'>Et</span> <span class='ocrx_word' id='word_1_51' title='bbox 360 1622 468 1687; x_wconf 75' lang='lat' dir='ltr'>dinam</span> <span class='ocrx_word' id='word_1_52' title='bbox 492 1624 618 1712; x_wconf 76' lang='lat' dir='ltr'>stygiae</span> <span class='ocrx_word' id='word_1_53' title='bbox 641 1623 781 1686; x_wconf 81' lang='lat' dir='ltr'>incolam</span> <span class='ocrx_word' id='word_1_54' title='bbox 805 1623 942 1709; x_wconf 79' lang='lat' dir='ltr'>paludis,</span> 
     </span>
    </p>

    <p class='ocr_par' dir='ltr' id='par_1_9' title="bbox 293 1729 952 1816">
     <span class='ocr_line' id='line_1_11' title="bbox 293 1729 952 1816; baseline 0.002 -23"><span class='ocrx_word' id='word_1_55' title='bbox 293 1730 407 1794; x_wconf 78' lang='lat' dir='ltr'>Terret</span> <span class='ocrx_word' id='word_1_56' title='bbox 430 1729 591 1796; x_wconf 79' lang='lat' dir='ltr'>Cerberus</span> <span class='ocrx_word' id='word_1_57' title='bbox 615 1753 668 1794; x_wconf 83' lang='lat' dir='ltr'>ora</span> <span class='ocrx_word' id='word_1_58' title='bbox 691 1753 786 1816; x_wconf 84' lang='lat' dir='ltr'>quern</span> <span class='ocrx_word' id='word_1_59' title='bbox 810 1730 952 1795; x_wconf 80' lang='lat' dir='ltr'>trifauci.</span> 
     </span>
    </p>
   </div>
   <div class='ocr_carea' id='block_1_2' title="bbox 730 2241 774 2308">
    <p class='ocr_par' dir='ltr' id='par_1_10' title="bbox 730 2241 774 2308">
     <span class='ocr_line' id='line_1_12' title="bbox 730 2241 774 2308; baseline -0.114 1"><span class='ocrx_word' id='word_1_60' title='bbox 730 2241 774 2308; x_wconf 89' lang='grc'>14.</span> 
     </span>
    </p>
   </div>
   <div class='ocr_carea' id='block_1_3' title="bbox 615 2417 891 2473">
    <p class='ocr_par' dir='ltr' id='par_1_11' title="bbox 615 2417 891 2473">
     <span class='ocr_line' id='line_1_13' title="bbox 615 2417 891 2473; baseline -0.004 -3"><span class='ocrx_word' id='word_1_61' title='bbox 615 2419 650 2471; x_wconf 92' lang='lat' dir='ltr'>In</span> <span class='ocrx_word' id='word_1_62' title='bbox 670 2417 891 2473; x_wconf 77' lang='lat' dir='ltr'>Gadanenses².</span> 
     </span>
    </p>
   </div>
   <div class='ocr_carea' id='block_1_4' title="bbox 741 2582 766 2643">
    <p class='ocr_par' dir='ltr' id='par_1_12' title="bbox 741 2582 766 2643">
     <span class='ocr_line' id='line_1_14' title="bbox 741 2582 766 2643; baseline 0 0"><span class='ocrx_word' id='word_1_63' title='bbox 741 2582 766 2643; x_wconf 90' lang='grc' dir='ltr'>Ι.</span> 
     </span>
    </p>
   </div>
   <div class='ocr_carea' id='block_1_5' title="bbox 291 2705 1196 3113">
    <p class='ocr_par' dir='ltr' id='par_1_13' title="bbox 291 2705 1038 2900">
     <span class='ocr_line' id='line_1_15' title="bbox 291 2705 1038 2790; baseline -0.004 -19"><span class='ocrx_word' id='word_1_64' title='bbox 291 2706 326 2771; x_wconf 77' lang='lat' dir='ltr'>Si</span> <span class='ocrx_word' id='word_1_65' title='bbox 351 2706 528 2770; x_wconf 81' lang='lat' dir='ltr'>maiestatis</span> <span class='ocrx_word' id='word_1_66' title='bbox 552 2727 626 2769; x_wconf 84' lang='lat' dir='ltr'>reus</span> <span class='ocrx_word' id='word_1_67' title='bbox 650 2705 774 2790; x_wconf 87' lang='lat' dir='ltr'>amplas</span> <span class='ocrx_word' id='word_1_68' title='bbox 798 2705 909 2769; x_wconf 78' lang='lat' dir='ltr'>incolit</span> <span class='ocrx_word' id='word_1_69' title='bbox 934 2706 1038 2790; x_wconf 77' lang='lat' dir='ltr'>aedas⁷</span> 
     </span>
     <span class='ocr_line' id='line_1_16' title="bbox 345 2812 1002 2900; baseline -0.002 -23"><span class='ocrx_word' id='word_1_70' title='bbox 345 2814 468 2900; x_wconf 82' lang='lat' dir='ltr'>Estque</span> <span class='ocrx_word' id='word_1_71' title='bbox 492 2813 540 2877; x_wconf 87' lang='lat' dir='ltr'>illi</span> <span class='ocrx_word' id='word_1_72' title='bbox 564 2834 677 2877; x_wconf 74' lang='lat' dir='ltr'>career</span> <span class='ocrx_word' id='word_1_73' title='bbox 699 2812 853 2876; x_wconf 78' lang='lat' dir='ltr'>deliciosa</span> <span class='ocrx_word' id='word_1_74' title='bbox 879 2813 1002 2896; x_wconf 72' lang='lat' dir='ltr'>(lomus,</span> 
     </span>
    </p>

    <p class='ocr_par' dir='ltr' id='par_1_14' title="bbox 291 2920 1196 3113">
     <span class='ocr_line' id='line_1_17' title="bbox 291 2920 1196 3005; baseline 0.001 -22"><span class='ocrx_word' id='word_1_75' title='bbox 291 2920 330 2983; x_wconf 88' lang='lat' dir='ltr'>In</span> <span class='ocrx_word' id='word_1_76' title='bbox 354 2943 434 3005; x_wconf 89' lang='lat' dir='ltr'>quos</span> <span class='ocrx_word' id='word_1_77' title='bbox 459 2930 534 2984; x_wconf 86' lang='lat' dir='ltr'>sunt</span> <span class='ocrx_word' id='word_1_78' title='bbox 557 2921 659 3002; x_wconf 70' lang='lat' dir='ltr'>nervi,</span> <span class='ocrx_word' id='word_1_79' title='bbox 683 2921 829 2983; x_wconf 63' lang='lat' dir='ltr'>manicae</span> <span class='ocrx_word' id='word_1_80' title='bbox 854 2920 1018 3005; x_wconf 76' lang='lat' dir='ltr'>duraeque</span> <span class='ocrx_word' id='word_1_81' title='bbox 1042 2921 1196 2985; x_wconf 75' lang='lat' dir='ltr'>catanae?</span> 
     </span>
     <span class='ocr_line' id='line_1_18' title="bbox 344 3026 1145 3113; baseline -0.001 -23"><span class='ocrx_word' id='word_1_82' title='bbox 344 3027 384 3090; x_wconf 94' lang='lat' dir='ltr'>In</span> <span class='ocrx_word' id='word_1_83' title='bbox 408 3049 488 3111; x_wconf 86' lang='lat' dir='ltr'>quos</span> <span class='ocrx_word' id='word_1_84' title='bbox 512 3037 595 3110; x_wconf 72' lang='lat' dir='ltr'>sunt,</span> <span class='ocrx_word' id='word_1_85' title='bbox 619 3048 746 3113; x_wconf 79' lang='lat' dir='ltr'>quaeso,</span> <span class='ocrx_word' id='word_1_86' title='bbox 770 3026 880 3090; x_wconf 79' lang='lat' dir='ltr'>vinula</span> <span class='ocrx_word' id='word_1_87' title='bbox 903 3038 1029 3112; x_wconf 80' lang='lat' dir='ltr'>reperta</span> <span class='ocrx_word' id='word_1_88' title='bbox 1053 3027 1145 3090; x_wconf 78' lang='lat' dir='ltr'>reas?</span> 
     </span>
    </p>
   </div>
   <div class='ocr_carea' id='block_1_6' title="bbox 731 3219 775 3283">
    <p class='ocr_par' dir='ltr' id='par_1_15' title="bbox 731 3219 775 3283">
     <span class='ocr_line' id='line_1_19' title="bbox 731 3219 775 3283; baseline 0.023 -1"><span class='ocrx_word' id='word_1_89' title='bbox 731 3219 775 3283; x_wconf 91' lang='lat' dir='ltr'>II.</span> 
     </span>
    </p>
   </div>
   <div class='ocr_carea' id='block_1_7' title="bbox 291 3343 1142 3748">
    <p class='ocr_par' dir='ltr' id='par_1_16' title="bbox 291 3343 1142 3538">
     <span class='ocr_line' id='line_1_20' title="bbox 291 3343 1078 3429; baseline 0 -22"><span class='ocrx_word' id='word_1_90' title='bbox 291 3345 467 3408; x_wconf 78' lang='lat' dir='ltr'>Exsultant</span> <span class='ocrx_word' id='word_1_91' title='bbox 491 3345 588 3429; x_wconf 78' lang='lat' dir='ltr'>furas,</span> <span class='ocrx_word' id='word_1_92' title='bbox 612 3354 734 3409; x_wconf 82' lang='lat' dir='ltr'>acuunt</span> <span class='ocrx_word' id='word_1_93' title='bbox 759 3368 817 3407; x_wconf 89' lang='lat' dir='ltr'>sua</span> <span class='ocrx_word' id='word_1_94' title='bbox 841 3343 905 3407; x_wconf 73' lang='lat' dir='ltr'>tola</span> <span class='ocrx_word' id='word_1_95' title='bbox 928 3343 1078 3429; x_wconf 77' lang='lat' dir='ltr'>latrones,</span> 
     </span>
     <span class='ocr_line' id='line_1_21' title="bbox 345 3450 1142 3538; baseline 0 -24"><span class='ocrx_word' id='word_1_96' title='bbox 345 3451 473 3537; x_wconf 75' lang='lat' dir='ltr'>Quique</span> <span class='ocrx_word' id='word_1_97' title='bbox 496 3455 580 3538; x_wconf 86' lang='lat' dir='ltr'>patri</span> <span class='ocrx_word' id='word_1_98' title='bbox 603 3452 748 3536; x_wconf 78' lang='lat' dir='ltr'>insidias,</span> <span class='ocrx_word' id='word_1_99' title='bbox 772 3452 891 3537; x_wconf 79' lang='lat' dir='ltr'>quique</span> <span class='ocrx_word' id='word_1_100' title='bbox 914 3450 1049 3514; x_wconf 78' lang='lat' dir='ltr'>tetendit</span> <span class='ocrx_word' id='word_1_101' title='bbox 1073 3473 1142 3514; x_wconf 82' lang='lat' dir='ltr'>avo,</span> 
     </span>
    </p>

    <p class='ocr_par' dir='ltr' id='par_1_17' title="bbox 293 3557 1127 3748">
     <span class='ocr_line' id='line_1_22' title="bbox 293 3557 1093 3645; baseline -0.003 -23"><span class='ocrx_word' id='word_1_102' title='bbox 293 3557 430 3623; x_wconf 80' lang='lat' dir='ltr'>Obsidet</span> <span class='ocrx_word' id='word_1_103' title='bbox 453 3559 507 3623; x_wconf 81' lang='lat' dir='ltr'>ille</span> <span class='ocrx_word' id='word_1_104' title='bbox 530 3561 610 3643; x_wconf 70' lang='lat' dir='ltr'>vias,</span> <span class='ocrx_word' id='word_1_105' title='bbox 633 3559 740 3623; x_wconf 81' lang='lat' dir='ltr'>madia</span> <span class='ocrx_word' id='word_1_106' title='bbox 763 3568 932 3645; x_wconf 77' lang='lat' dir='ltr'>grassatur</span> <span class='ocrx_word' id='word_1_107' title='bbox 955 3558 988 3621; x_wconf 93' lang='lat' dir='ltr'>in</span> <span class='ocrx_word' id='word_1_108' title='bbox 1013 3557 1093 3621; x_wconf 82' lang='lat' dir='ltr'>urbe</span> 
     </span>
     <span class='ocr_line' id='line_1_23' title="bbox 346 3665 1127 3748; baseline 0 -21"><span class='ocrx_word' id='word_1_109' title='bbox 346 3665 419 3729; x_wconf 75' lang='lat' dir='ltr'>His.</span> <span class='ocrx_word' id='word_1_110' title='bbox 441 3667 561 3730; x_wconf 77' lang='lat' dir='ltr'>Aninio</span> <span class='ocrx_word' id='word_1_111' title='bbox 584 3676 713 3730; x_wconf 71' lang='lat' dir='ltr'>versant</span> <span class='ocrx_word' id='word_1_112' title='bbox 738 3667 860 3729; x_wconf 80' lang='lat' dir='ltr'>arinrsn</span> <span class='ocrx_word' id='word_1_113' title='bbox 885 3677 920 3728; x_wconf 87' lang='lat' dir='ltr'>ut</span> <span class='ocrx_word' id='word_1_114' title='bbox 943 3687 1036 3728; x_wconf 83' lang='lat' dir='ltr'>omne</span> <span class='ocrx_word' id='word_1_115' title='bbox 1061 3687 1127 3748; x_wconf 85' lang='lat' dir='ltr'>sua,</span> 
     </span>
    </p>
   </div>
   <div class='ocr_carea' id='block_1_8' title="bbox 181 3826 389 3834">
    <p class='ocr_par' dir='ltr' id='par_1_18' title="bbox 181 3826 389 3834">
     <span class='ocr_line' id='line_1_24' title="bbox 181 3826 389 3834; baseline 0 -1"><span class='ocrx_word' id='word_1_116' title='bbox 181 3826 389 3834; x_wconf 81' lang='lat'><strong>-——.-—-..</strong></span> 
     </span>
    </p>
   </div>
   <div class='ocr_carea' id='block_1_9' title="bbox 179 3912 1326 4603">
    <p class='ocr_par' dir='ltr' id='par_1_19' title="bbox 292 3912 962 3977">
     <span class='ocr_line' id='line_1_25' title="bbox 292 3912 962 3977; baseline -0.004 -13"><span class='ocrx_word' id='word_1_117' title='bbox 292 3912 300 3941; x_wconf 88' lang='lat'><strong>¹</strong></span> <span class='ocrx_word' id='word_1_118' title='bbox 321 3929 357 3964; x_wconf 79' lang='lat' dir='ltr'>sc.</span> <span class='ocrx_word' id='word_1_119' title='bbox 378 3915 494 3964; x_wconf 74' lang='lat' dir='ltr'>infantes</span> <span class='ocrx_word' id='word_1_120' title='bbox 513 3914 631 3963; x_wconf 86' lang='lat' dir='ltr'>nondum</span> <span class='ocrx_word' id='word_1_121' title='bbox 649 3920 775 3977; x_wconf 85' lang='lat' dir='ltr'>quattuor</span> <span class='ocrx_word' id='word_1_122' title='bbox 795 3929 877 3962; x_wconf 89' lang='lat' dir='ltr'>annos</span> <span class='ocrx_word' id='word_1_123' title='bbox 898 3912 962 3962; x_wconf 88' lang='lat' dir='ltr'>nati.</span> 
     </span>
    </p>

    <p class='ocr_par' dir='ltr' id='par_1_20' title="bbox 179 4000 1326 4603">
     <span class='ocr_line' id='line_1_26' title="bbox 292 4000 1324 4066; baseline 0 -15"><span class='ocrx_word' id='word_1_124' title='bbox 292 4000 454 4065; x_wconf 77' lang='lat' dir='ltr'>&#39;Quaritur‚</span> <span class='ocrx_word' id='word_1_125' title='bbox 479 4003 507 4051; x_wconf 90' lang='lat' dir='ltr'>ni</span> <span class='ocrx_word' id='word_1_126' title='bbox 527 4003 614 4064; x_wconf 79' lang='lat' dir='ltr'>fallor,</span> <span class='ocrx_word' id='word_1_127' title='bbox 639 4003 680 4052; x_wconf 88' lang='lat' dir='ltr'>his</span> <span class='ocrx_word' id='word_1_128' title='bbox 699 4003 801 4052; x_wconf 86' lang='lat' dir='ltr'>duobus</span> <span class='ocrx_word' id='word_1_129' title='bbox 821 4002 985 4052; x_wconf 83' lang='lat' dir='ltr'>carminibus</span> <span class='ocrx_word' id='word_1_130' title='bbox 1005 4000 1128 4065; x_wconf 83' lang='lat' dir='ltr'>Royzius,</span> <span class='ocrx_word' id='word_1_131' title='bbox 1148 4002 1218 4066; x_wconf 85' lang='lat' dir='ltr'>quod</span> <span class='ocrx_word' id='word_1_132' title='bbox 1237 4001 1324 4051; x_wconf 79' lang='lat' dir='ltr'>Gada-</span> 
     </span>
     <span class='ocr_line' id='line_1_27' title="bbox 185 4087 1324 4157; baseline -0.003 -16"><span class='ocrx_word' id='word_1_133' title='bbox 185 4093 307 4141; x_wconf 82' lang='lat' dir='ltr'>nsnsium</span> <span class='ocrx_word' id='word_1_134' title='bbox 327 4091 418 4157; x_wconf 74' lang='lat' dir='ltr'>legati,</span> <span class='ocrx_word' id='word_1_135' title='bbox 443 4091 541 4142; x_wconf 86' lang='lat' dir='ltr'>iudicio</span> <span class='ocrx_word' id='word_1_136' title='bbox 567 4092 734 4142; x_wconf 85' lang='lat' dir='ltr'>comitiorum</span> <span class='ocrx_word' id='word_1_137' title='bbox 757 4091 948 4141; x_wconf 82' lang='lat' dir='ltr'>lablinausium</span> <span class='ocrx_word' id='word_1_138' title='bbox 974 4107 996 4139; x_wconf 87' lang='lat' dir='ltr'>a.</span> <span class='ocrx_word' id='word_1_139' title='bbox 1019 4088 1088 4142; x_wconf 83' lang='lat'>1569</span> <span class='ocrx_word' id='word_1_140' title='bbox 1110 4087 1279 4139; x_wconf 78' lang='lat' dir='ltr'>condamnati</span> <span class='ocrx_word' id='word_1_141' title='bbox 1298 4095 1324 4139; x_wconf 84' lang='lat' dir='ltr'>et</span> 
     </span>
     <span class='ocr_line' id='line_1_28' title="bbox 180 4178 1324 4245; baseline -0.003 -15"><span class='ocrx_word' id='word_1_142' title='bbox 180 4182 211 4230; x_wconf 84' lang='lat' dir='ltr'>iu</span> <span class='ocrx_word' id='word_1_143' title='bbox 233 4196 369 4231; x_wconf 82' lang='lat' dir='ltr'>carcarem</span> <span class='ocrx_word' id='word_1_144' title='bbox 388 4181 502 4231; x_wconf 77' lang='lat' dir='ltr'>coniecti</span> <span class='ocrx_word' id='word_1_145' title='bbox 520 4181 612 4230; x_wconf 87' lang='lat' dir='ltr'>mitius</span> <span class='ocrx_word' id='word_1_146' title='bbox 631 4181 782 4245; x_wconf 77' lang='lat' dir='ltr'>lentiusque</span> <span class='ocrx_word' id='word_1_147' title='bbox 802 4187 959 4245; x_wconf 77' lang='lat' dir='ltr'>tractentur,</span> <span class='ocrx_word' id='word_1_148' title='bbox 979 4194 1061 4244; x_wconf 87' lang='lat' dir='ltr'>quam</span> <span class='ocrx_word' id='word_1_149' title='bbox 1079 4194 1128 4243; x_wconf 86' lang='lat' dir='ltr'>par</span> <span class='ocrx_word' id='word_1_150' title='bbox 1147 4178 1182 4227; x_wconf 88' lang='lat' dir='ltr'>sit</span> <span class='ocrx_word' id='word_1_151' title='bbox 1201 4193 1248 4242; x_wconf 88' lang='lat' dir='ltr'>pro</span> <span class='ocrx_word' id='word_1_152' title='bbox 1267 4193 1324 4228; x_wconf 82' lang='lat' dir='ltr'>see·</span> 
     </span>
     <span class='ocr_line' id='line_1_29' title="bbox 183 4267 1324 4334; baseline -0.004 -14"><span class='ocrx_word' id='word_1_153' title='bbox 183 4270 238 4320; x_wconf 81' lang='lat' dir='ltr'>lars</span> <span class='ocrx_word' id='word_1_154' title='bbox 258 4270 347 4320; x_wconf 78' lang='lat' dir='ltr'>lassas</span> <span class='ocrx_word' id='word_1_155' title='bbox 367 4270 516 4319; x_wconf 80' lang='lat' dir='ltr'>maiestatis</span> <span class='ocrx_word' id='word_1_156' title='bbox 535 4270 682 4321; x_wconf 81' lang='lat' dir='ltr'>commissa.</span> <span class='ocrx_word' id='word_1_157' title='bbox 712 4273 805 4334; x_wconf 82' lang='lat' dir='ltr'>Itaque</span> <span class='ocrx_word' id='word_1_158' title='bbox 831 4285 918 4319; x_wconf 74' lang='lat' dir='ltr'>errore</span> <span class='ocrx_word' id='word_1_159' title='bbox 944 4269 1059 4333; x_wconf 86' lang='lat' dir='ltr'>quodam</span> <span class='ocrx_word' id='word_1_160' title='bbox 1084 4268 1112 4317; x_wconf 87' lang='lat' dir='ltr'>in</span> <span class='ocrx_word' id='word_1_161' title='bbox 1135 4267 1210 4316; x_wconf 86' lang='lat' dir='ltr'>libris</span> <span class='ocrx_word' id='word_1_162' title='bbox 1230 4282 1324 4316; x_wconf 84' lang='lat' dir='ltr'>manu·</span> 
     </span>
     <span class='ocr_line' id='line_1_30' title="bbox 179 4356 1325 4425; baseline -0.003 -17"><span class='ocrx_word' id='word_1_163' title='bbox 179 4360 291 4424; x_wconf 79' lang='lat' dir='ltr'>seriptis</span> <span class='ocrx_word' id='word_1_164' title='bbox 311 4359 397 4423; x_wconf 72' lang='lat' dir='ltr'>(Corn.</span> <span class='ocrx_word' id='word_1_165' title='bbox 419 4357 470 4409; x_wconf 75' lang='lat'>179</span> <span class='ocrx_word' id='word_1_166' title='bbox 488 4381 512 4401; x_wconf 90' lang='lat'><strong>=</strong></span> <span class='ocrx_word' id='word_1_167' title='bbox 538 4375 588 4409; x_wconf 86' lang='lat' dir='ltr'>oss.</span> <span class='ocrx_word' id='word_1_168' title='bbox 608 4358 652 4425; x_wconf 78' lang='lat'>50)</span> <span class='ocrx_word' id='word_1_169' title='bbox 671 4359 739 4409; x_wconf 75' lang='lat' dir='ltr'>haue</span> <span class='ocrx_word' id='word_1_170' title='bbox 758 4359 877 4409; x_wconf 86' lang='lat' dir='ltr'>carmina</span> <span class='ocrx_word' id='word_1_171' title='bbox 896 4363 1095 4422; x_wconf 80' lang='lat' dir='ltr'>anteponuntur</span> <span class='ocrx_word' id='word_1_172' title='bbox 1114 4357 1160 4418; x_wconf 81' lang='lat' dir='ltr'>eis,</span> <span class='ocrx_word' id='word_1_173' title='bbox 1186 4371 1255 4420; x_wconf 79' lang='lat' dir='ltr'>quaa</span> <span class='ocrx_word' id='word_1_174' title='bbox 1277 4356 1325 4411; x_wconf 71' lang='lat' dir='ltr'>„Iu</span> 
     </span>
     <span class='ocr_line' id='line_1_31' title="bbox 183 4444 1326 4513; baseline -0.003 -16"><span class='ocrx_word' id='word_1_175' title='bbox 183 4448 350 4498; x_wconf 82' lang='lat' dir='ltr'>Clefsldum“</span> <span class='ocrx_word' id='word_1_176' title='bbox 371 4449 502 4513; x_wconf 84' lang='lat' dir='ltr'>inscripta</span> <span class='ocrx_word' id='word_1_177' title='bbox 521 4455 582 4498; x_wconf 84' lang='lat' dir='ltr'>sunt</span> <span class='ocrx_word' id='word_1_178' title='bbox 601 4447 688 4512; x_wconf 79' lang='lat' dir='ltr'>(Corn.</span> <span class='ocrx_word' id='word_1_179' title='bbox 709 4447 761 4499; x_wconf 83' lang='lat'>180</span> <span class='ocrx_word' id='word_1_180' title='bbox 779 4471 802 4489; x_wconf 97' lang='lat'>=</span> <span class='ocrx_word' id='word_1_181' title='bbox 828 4464 878 4497; x_wconf 87' lang='lat' dir='ltr'>oss.</span> <span class='ocrx_word' id='word_1_182' title='bbox 898 4446 969 4513; x_wconf 72' lang='lat'><strong>609),</strong></span> <span class='ocrx_word' id='word_1_183' title='bbox 996 4462 1056 4497; x_wconf 84' lang='lat' dir='ltr'>cum</span> <span class='ocrx_word' id='word_1_184' title='bbox 1082 4462 1116 4495; x_wconf 79' lang='lat' dir='ltr'>ex</span> <span class='ocrx_word' id='word_1_185' title='bbox 1137 4444 1263 4509; x_wconf 82' lang='lat' dir='ltr'>temporis</span> <span class='ocrx_word' id='word_1_186' title='bbox 1282 4460 1326 4494; x_wconf 87' lang='lat' dir='ltr'>ra-</span> 
     </span>
     <span class='ocr_line' id='line_1_32' title="bbox 181 4538 501 4603; baseline -0.003 -16"><span class='ocrx_word' id='word_1_187' title='bbox 181 4539 255 4587; x_wconf 81' lang='lat' dir='ltr'>tione</span> <span class='ocrx_word' id='word_1_188' title='bbox 275 4538 421 4603; x_wconf 75' lang='lat' dir='ltr'>posteriora</span> <span class='ocrx_word' id='word_1_189' title='bbox 439 4538 501 4587; x_wconf 88' lang='lat' dir='ltr'>sint.</span> 
     </span>
    </p>
   </div>
   <div class='ocr_carea' id='block_1_10' title="bbox 0 0 1512 5310">
    <p class='ocr_par' dir='ltr' id='par_1_21' title="bbox 0 0 1512 5310">
     <span class='ocr_line' id='line_1_33' title="bbox 0 0 1512 5310; baseline 0 1"><span class='ocrx_word' id='word_1_190' title='bbox 0 0 1512 5310; x_wconf 95' lang='lat' dir='ltr'> </span> 
     </span>
    </p>
   </div>
  </div>
 </body>
</html>
