2948 5302
494 476 648 511 l'MEH'l‘lt).

54 554 135 559 —..—.
146 555 351 563 —..-.—
361 547 707 565 ....—.—.--—--.-'-'-'
721 549 747 566 ”-.
759 550 838 567 .-—*‘'‘

1042 465 1143 514 LXXV

10 663 110 728 brum
136 665 301 731 Varronis
323 666 366 733 de
389 670 458 734 vita
481 669 590 757 populi
615 672 757 753 romani,
788 671 889 736 altero
912 671 990 755 (ΙΙΙ,
1014 672 1069 753 43)
1098 671 1140 735 ad

10 769 247 858 litopbontem,
270 774 461 840 historicum
482 798 651 861 graecum3
676 779 763 863 prior
786 779 872 842 enim
897 778 988 842 locus
1005 777 1143 843 debetur

10 877 97 942 ionio
130 880 175 964 (Ι,
199 881 287 964 208),
326 885 484 969 posterior
515 883 684 949 Parallelis
715 885 913 968 minoribus,
944 907 1026 971 quae
1058 884 1143 950 falso

10 983 174 1051 llntarcho
196 989 386 1055 tribuuntur
401 992 479 1071 (15).
503 990 598 1056 Adde
617 991 703 1078 quod
724 992 786 1076 ΙΙΙ,
810 993 853 1057 53
868 992 963 1055 affert
978 992 1139 1078 quaedam

10 1093 133 1159 metis
156 1093 314 1181 historici,
337 1120 421 1183 quae
445 1098 532 1164 unde
554 1097 707 1182 hauserit,
732 1100 857 1185 assequi
884 1098 962 1161 mihi
980 1121 1044 1163 non
1061 1121 1140 1164 con·

10 1200 76 1284 :igit
114 1201 334 1268 Proferuutur
363 1206 462 1270 etiam
492 1206 528 1268 in
559 1205 682 1271 eisdem
714 1207 943 1271 Decisionibus
973 1204 1141 1270 lituanicis

10 1306 107 1392 unlte,
137 1331 277 1396 quorum
300 1322 459 1395 auctores,
488 1335 685 1400 quamquam
708 1335 773 1377 non
796 1326 1036 1399 nuncupantur,
1060 1314 1141 1398 quin

10 1411 117 1503 Royzio
140 1417 211 1481 noti
234 1418 366 1502 fuerint,
388 1420 448 1484 vix
471 1419 612 1484 dubitari
636 1430 750 1506 potest.
772 1421 857 1483 Nam
874 1419 1011 1484 Neronis
1028 1420 1144 1504 vitam,

10 1521 79 1586 sicut
101 1534 214 1588 cetera
237 1525 400 1609 Suetonii,
430 1527 515 1591 inter
546 1528 714 1591 notissima
745 1528 814 1591 eius
839 1527 940 1591 fuisse
963 1550 1006 1591 ex
1029 1526 1141 1591 multis

11 1641 130 1716 apparet
155 1629 237 1696 locis
268 1634 389 1712 (Deoia.
413 1633 460 1697 lit.
481 1633 544 1718 ΙΙΙ,
575 1635 653 1715 3473
686 1635 764 1715 5163
796 1635 853 1716 lV,
881 1636 959 1713 3063
991 1636 1078 1717 417),
1110 1643 1141 1698 ct

10 1744 103 1801 umen
126 1760 175 1822 ea,
199 1760 283 1825 quae
305 1739 417 1804 Decis.
440 1739 487 1805 lit
510 1741 536 1821 Ι,
561 1743 602 1806 18
627 1741 667 1806 de
690 1742 830 1805 Neronis
847 1753 948 1805 morte
965 1740 1073 1824 tradit,
1096 1741 1138 1804 ad

11 1839 188 1909 Suetonium
211 1856 377 1911 auctorem
402 1847 525 1912 referre
549 1847 709 1934 neglexit,
740 1870 879 1933 cumque
902 1848 961 1912 vix
991 1847 1059 1911 fieri
1084 1870 1143 1933 po·

11 1952 109 2035 tuerit,
141 1964 178 2016 ut
205 1953 315 2038 aliqua
339 1954 466 2018 Horatii
498 1956 528 2018 ei
559 1957 670 2041 ignota
700 1964 824 2037 essent,
857 1954 1016 2018 celebrem
1047 1953 1141 2017 illum

11 2069 108 2140 poetae
131 2059 294 2124 Venusini
318 2060 437 2144 locum,
459 2063 515 2148 qui
539 2074 588 2126 est
612 2062 707 2127 Satir.
731 2061 757 2144 Ι,
781 2065 810 2145 1,
834 2085 889 2126 vv.
907 2062 969 2124 106
987 2084 1041 2146 sq,
1065 2083 1140 2145 pro·

12 2162 104 2230 ferens
128 2166 253 2249 (Dacis.
275 2167 321 2232 lit.
346 2169 404 2252 IV,
428 2171 483 2251 99)
507 2171 650 2233 auctoris
674 2190 790 2232 nomen
814 2167 944 2233 celavit.

101 2272 247 2338 Omnino
270 2276 403 2339 suntin
428 2274 658 2340 Deoisionibus
690 2273 855 2338 lituanicis
886 2275 1017 2339 circiter
1047 2275 1143 2359 quin·

10 2380 152 2464 quaginta
176 2379 249 2464 loci,
272 2404 353 2467 quos
369 2382 522 2469 Royzius,
547 2404 621 2446 cum
638 2383 780 2467 antiquis
796 2381 984 2445 auctoribus
1000 2380 1145 2457 deberet,

11 2483 41 2547 ud
69 2486 202 2551 eosdem
232 2510 299 2552 non
331 2488 468 2569 rettulit3
499 2491 546 2553 eis
577 2488 706 2553 accedit
736 2487 855 2574 triplex
887 2487 955 2552 fere
987 2510 1142 2552 numerus

10 2612 124 2677 eorum,
156 2595 192 2657 in
222 2595 342 2680 quibus
372 2595 547 2659 traduntur
578 2607 747 2660 auctorum
778 2597 911 2659 nomina
945 2617 1142 2680 operumque

10 2698 80 2763 tituli
103 2699 227 2766 additis
251 2700 339 2765 haud
362 2723 437 2767 raro
460 2704 539 2789 ipsis
563 2702 723 2766 librorum
754 2703 960 2787 capitumque
988 2702 1142 2766 numeris.

10 2800 98 2892 Saepe
120 2807 268 2896 Royzius
291 2811 388 2873 etiam
413 2811 529 2895 repetit
548 2821 701 2874 accurate
716 2819 841 2872 textum
858 2806 920 2872 loci
937 2807 1030 2870 latini
1046 2829 1142 2892 grae-

10 2911 78 2977 cive.
115 2913 319 2980 Graecorum
344 2914 499 3003 pleraque
522 2918 617 2980 affert
644 2914 744 2979 latine
768 2937 878 2998 versa,
909 2936 1142 2999 nonnunquam

10 3027 30 3080 tt
49 3043 169 3105 graeca
193 3034 225 3087 et
249 3044 360 3087 eorum
384 3023 518 3087 latinam
537 3024 720 3087 versionem
737 3045 757 3084 a
773 3045 807 3085 se
824 3021 1002 3087 conlectam
1020 3022 1143 3103 (Decis.

10 3121 41 3190 lit
62 3130 166 3214 praes.
189 3130 272 3210 init.;
297 3130 360 3213 ΙΙΙ,
384 3132 462 3209 2633
487 3130 545 3212 IV,
572 3131 656 3211 138),
681 3140 716 3191 ut
731 3128 914 3192 ostenderet
930 3139 1032 3191 artem
1049 3149 1141 3190 suam

10 3235 30 3298 in
50 3238 181 3323 graecis
205 3236 375 3301 commode
398 3236 511 3321 lingua
528 3236 629 3299 latina
646 3234 833 3317 reddendis,
859 3235 911 3297 cui
928 3232 1065 3296 multum
1083 3234 1141 3296 tri·

10 3343 138 3409 buebant
161 3342 251 3407 illius
275 3345 348 3409 aevi
373 3344 437 3410 viri
460 3344 556 3408 docti.

100 3452 175 3516 Hac
192 3450 270 3515 illac
285 3451 402 3515 incidit
418 3452 560 3538 Royzius
577 3452 610 3512 in
628 3449 841 3535 quaestioneS,
857 3447 974 3532 quibus
991 3457 1023 3509 ct
1038 3448 1142 3532 ipsius

10 3571 27 3621 et
49 3558 136 3623 illins
160 3560 236 3622 aevi
259 3558 463 3643 antiquitatis
487 3558 595 3620 studia
618 3555 831 3618 illust-rantur.
864 3555 902 3616 ln
927 3554 1137 3616 Deeisionum

10 3666 198 3747 praefatione
221 3675 368 3728 extrema
392 3664 554 3727 Iustinum
579 3674 749 3726 enarratae
782 3662 826 3723 rci
852 3671 964 3723 testem
993 3660 1140 3722 excitans

10 3771 94 3839 adicit
117 3774 281 3837 incertum
305 3795 386 3851 esse,
412 3783 518 3834 utrum
543 3770 584 3833 ad
611 3770 781 3849 lustinum,
806 3790 847 3829 an
864 3765 905 3829 ad
923 3767 1028 3850 ipsum
1045 3765 1141 3826 Pom·

10 3880 102 3961 peium
125 3879 274 3964 Trogum
305 3891 470 3942 auctorem
503 3879 545 3938 sit
576 3874 755 3938 referenda.
794 3873 1005 3936 Decisionum
1039 3869 1091 3932 lib.
1125 3868 1139 3930 l

10 3987 78 4062 §19
103 3989 137 4051 in
162 3987 289 4050 incerto
313 3987 411 4071 ponit.
436 3996 544 4047 utrum
569 3981 739 4047 Cornelius
763 3978 887 4060 Gallus,
911 4000 1006 4062 quem
1023 3976 1142 4057 Vorgi—

10 4087 59 4155 lius
80 4093 197 4178 ecloga
221 4092 349 4156 decima
373 4090 524 4155 celebret.
550 4090 635 4152 idom
661 4091 703 4151 sit
726 4097 821 4172 atque
838 4084 901 4167 ille,
917 4105 1011 4169 quem
1028 4092 1141 4164 tangat

10 4200 189 4264 Ammianus
221 4197 435 4263 Marcellinus
467 4197 571 4260 XVII
603 4194 684 4258 libro
711 4192 865 4255 historiae
889 4212 974 4253 suae.
1012 4186 1139 4251 Ibidem

12 4305 89 4375 §40
111 4318 223 4369 monet
254 4304 418 4369 Didonem
450 4327 515 4367 non
545 4305 674 4366 Aeneae
706 4296 882 4378 desiderio,
915 4306 949 4358 ut
972 4291 1141 4377 Vergilius

13 4408 142 4495 finxerit,
175 4422 315 4475 mortem
339 4412 399 4474 sibi
425 4409 636 4481 conscivisse,
668 4405 725 4470 sed
757 4427 797 4466 ne
829 4412 941 4466 contra
970 4398 1140 4463 viduitatis

16 4523 196 4604 propositum
220 4519 367 4603 ingratas
391 4518 516 4600 Iarbae,
539 4513 751 4580 (lectulorum
777 4510 870 4592 regis,
894 4507 1024 4591 nuptias
1048 4507 1139 4589 sequi
