<?xml version="1.0" encoding="UTF-8"?>
<!DOCTYPE html PUBLIC "-//W3C//DTD XHTML 1.0 Transitional//EN"
    "http://www.w3.org/TR/xhtml1/DTD/xhtml1-transitional.dtd">
<html xmlns="http://www.w3.org/1999/xhtml" xml:lang="en" lang="en">
 <head>
  <title>
</title>
<meta http-equiv="Content-Type" content="text/html;charset=utf-8" />
  <meta name='ocr-system' content='tesseract 3.04.00' />
  <meta name='ocr-capabilities' content='ocr_page ocr_carea ocr_par ocr_line ocrx_word'/>
</head>
<body>
  <div class='ocr_page' id='page_1' title='image "./petriroyziimaur01morogoog_0265.png"; bbox 0 0 2948 5302; ppageno 0'>
   <div class='ocr_carea' id='block_1_1' title="bbox 817 456 999 491">
    <p class='ocr_par' dir='ltr' id='par_1_1' title="bbox 817 456 999 491">
     <span class='ocr_line' id='line_1_1' title="bbox 817 456 999 491; baseline -0.005 -2"><span class='ocrx_word' id='word_1_1' title='bbox 817 458 892 490; x_wconf 77' lang='lat' dir='ltr'>l’li&#39;lRl</span> <span class='ocrx_word' id='word_1_2' title='bbox 913 456 999 491; x_wconf 76' lang='lat' dir='ltr'>llOYle</span> 
     </span>
    </p>
   </div>
   <div class='ocr_carea' id='block_1_2' title="bbox 343 649 1433 4363">
    <p class='ocr_par' dir='ltr' id='par_1_2' title="bbox 343 649 1433 4363">
     <span class='ocr_line' id='line_1_2' title="bbox 447 649 1234 736; baseline -0.001 -21"><span class='ocrx_word' id='word_1_3' title='bbox 447 649 647 715; x_wconf 84' lang='lat' dir='ltr'>Sustentavit</span> <span class='ocrx_word' id='word_1_4' title='bbox 670 672 746 735; x_wconf 86' lang='lat' dir='ltr'>opes</span> <span class='ocrx_word' id='word_1_5' title='bbox 770 650 1035 736; x_wconf 87' lang='lat' dir='ltr'>maiestatemque</span> <span class='ocrx_word' id='word_1_6' title='bbox 1058 650 1234 730; x_wconf 81' lang='lat' dir='ltr'>Quiritum.</span> 
     </span>
     <span class='ocr_line' id='line_1_3' title="bbox 444 754 1220 841; baseline -0.001 -22"><span class='ocrx_word' id='word_1_7' title='bbox 444 755 584 819; x_wconf 82' lang='lat' dir='ltr'>Romula</span> <span class='ocrx_word' id='word_1_8' title='bbox 607 778 671 820; x_wconf 87' lang='lat' dir='ltr'>non</span> <span class='ocrx_word' id='word_1_9' title='bbox 694 754 750 818; x_wconf 91' lang='lat' dir='ltr'>illo</span> <span class='ocrx_word' id='word_1_10' title='bbox 773 755 900 819; x_wconf 87' lang='lat' dir='ltr'>deserta</span> <span class='ocrx_word' id='word_1_11' title='bbox 924 757 1095 841; x_wconf 79' lang='lat' dir='ltr'>superstite</span> <span class='ocrx_word' id='word_1_12' title='bbox 1118 756 1220 841; x_wconf 86' lang='lat' dir='ltr'>sedes,</span> 
     </span>
     <span class='ocr_line' id='line_1_4' title="bbox 446 861 1311 949; baseline 0.001 -23"><span class='ocrx_word' id='word_1_13' title='bbox 446 861 584 926; x_wconf 85' lang='lat' dir='ltr'>Illaesus</span> <span class='ocrx_word' id='word_1_14' title='bbox 606 863 783 947; x_wconf 77' lang='lat' dir='ltr'>permansit</span> <span class='ocrx_word' id='word_1_15' title='bbox 805 861 907 925; x_wconf 84' lang='lat' dir='ltr'>henos</span> <span class='ocrx_word' id='word_1_16' title='bbox 932 862 1111 949; x_wconf 89' lang='lat' dir='ltr'>soliumque</span> <span class='ocrx_word' id='word_1_17' title='bbox 1134 863 1311 949; x_wconf 83' lang='lat' dir='ltr'>superbum</span> 
     </span>
     <span class='ocr_line' id='line_1_5' title="bbox 344 968 1347 1057; baseline 0.002 -25"><span class='ocrx_word' id='word_1_18' title='bbox 344 992 411 1033; x_wconf 79' lang='lat' dir='ltr'>roa.</span> <span class='ocrx_word' id='word_1_19' title='bbox 447 970 621 1033; x_wconf 88' lang='lat' dir='ltr'><strong>Immotum</strong></span> <span class='ocrx_word' id='word_1_20' title='bbox 646 969 732 1033; x_wconf 90' lang='lat' dir='ltr'>stetit</span> <span class='ocrx_word' id='word_1_21' title='bbox 755 980 786 1032; x_wconf 86' lang='lat' dir='ltr'>et</span> <span class='ocrx_word' id='word_1_22' title='bbox 809 979 937 1054; x_wconf 89' lang='lat' dir='ltr'>patrum</span> <span class='ocrx_word' id='word_1_23' title='bbox 962 968 1079 1034; x_wconf 89' lang='lat' dir='ltr'>decora</span> <span class='ocrx_word' id='word_1_24' title='bbox 1103 969 1169 1034; x_wconf 89' lang='lat' dir='ltr'>alta</span> <span class='ocrx_word' id='word_1_25' title='bbox 1190 971 1347 1057; x_wconf 81' lang='lat' dir='ltr'>priorum,</span> 
     </span>
     <span class='ocr_line' id='line_1_6' title="bbox 446 1074 1354 1165; baseline 0 -25"><span class='ocrx_word' id='word_1_26' title='bbox 446 1074 667 1160; x_wconf 87' lang='lat' dir='ltr'>Submisitque</span> <span class='ocrx_word' id='word_1_27' title='bbox 690 1075 803 1139; x_wconf 83' lang='lat' dir='ltr'>volens</span> <span class='ocrx_word' id='word_1_28' title='bbox 826 1097 945 1160; x_wconf 83' lang='lat' dir='ltr'>magno</span> <span class='ocrx_word' id='word_1_29' title='bbox 968 1085 1066 1161; x_wconf 89' lang='lat' dir='ltr'>caput</span> <span class='ocrx_word' id='word_1_30' title='bbox 1090 1075 1193 1139; x_wconf 87' lang='lat' dir='ltr'>lstula</span> <span class='ocrx_word' id='word_1_31' title='bbox 1216 1076 1354 1165; x_wconf 75' lang='lat' dir='ltr'>Thybri.</span> 
     </span>
     <span class='ocr_line' id='line_1_7' title="bbox 446 1181 1334 1268; baseline 0.006 -25"><span class='ocrx_word' id='word_1_32' title='bbox 446 1181 567 1246; x_wconf 82' lang='lat' dir='ltr'>Audiet</span> <span class='ocrx_word' id='word_1_33' title='bbox 589 1181 670 1246; x_wconf 89' lang='lat' dir='ltr'>hacc</span> <span class='ocrx_word' id='word_1_34' title='bbox 694 1181 811 1246; x_wconf 78' lang='lat' dir='ltr'>absens</span> <span class='ocrx_word' id='word_1_35' title='bbox 834 1181 1050 1268; x_wconf 77' lang='lat' dir='ltr'>lacrimasque</span> <span class='ocrx_word' id='word_1_36' title='bbox 1072 1181 1194 1247; x_wconf 81' lang='lat' dir='ltr'>tenebit</span> <span class='ocrx_word' id='word_1_37' title='bbox 1217 1182 1334 1248; x_wconf 81' lang='lat' dir='ltr'>Iulus?</span> 
     </span>
     <span class='ocr_line' id='line_1_8' title="bbox 536 1287 1433 1376; baseline 0 -22"><span class='ocrx_word' id='word_1_38' title='bbox 536 1287 599 1354; x_wconf 87' lang='lat' dir='ltr'>Sed</span> <span class='ocrx_word' id='word_1_39' title='bbox 624 1312 682 1352; x_wconf 85' lang='lat' dir='ltr'>nos</span> <span class='ocrx_word' id='word_1_40' title='bbox 705 1288 933 1354; x_wconf 76' lang='lat' dir='ltr'><strong>Sauromatum</strong></span> <span class='ocrx_word' id='word_1_41' title='bbox 956 1288 1050 1353; x_wconf 87' lang='lat' dir='ltr'>fletus</span> <span class='ocrx_word' id='word_1_42' title='bbox 1073 1290 1278 1376; x_wconf 74' lang='lat' dir='ltr'>gemitusque</span> <span class='ocrx_word' id='word_1_43' title='bbox 1302 1301 1433 1375; x_wconf 89' lang='lat' dir='ltr'>tuorum,</span> 
     </span>
     <span class='ocr_line' id='line_1_9' title="bbox 445 1395 1433 1481; baseline 0.002 -23"><span class='ocrx_word' id='word_1_44' title='bbox 445 1396 573 1480; x_wconf 80' lang='lat' dir='ltr'>Magne,</span> <span class='ocrx_word' id='word_1_45' title='bbox 596 1405 724 1480; x_wconf 88' lang='lat' dir='ltr'>vocant,</span> <span class='ocrx_word' id='word_1_46' title='bbox 748 1395 888 1478; x_wconf 78' lang='lat' dir='ltr'>Samuel,</span> <span class='ocrx_word' id='word_1_47' title='bbox 911 1417 986 1481; x_wconf 89' lang='lat' dir='ltr'>pars</span> <span class='ocrx_word' id='word_1_48' title='bbox 1010 1396 1164 1459; x_wconf 81' lang='lat' dir='ltr'>carminis</span> <span class='ocrx_word' id='word_1_49' title='bbox 1188 1395 1307 1459; x_wconf 91' lang='lat' dir='ltr'>ultima</span> <span class='ocrx_word' id='word_1_50' title='bbox 1330 1397 1433 1461; x_wconf 84' lang='lat' dir='ltr'>nostri.</span> 
     </span>
     <span class='ocr_line' id='line_1_10' title="bbox 343 1502 1417 1588; baseline 0.001 -24"><span class='ocrx_word' id='word_1_51' title='bbox 343 1525 411 1566; x_wconf 83' lang='lat'>110.</span> <span class='ocrx_word' id='word_1_52' title='bbox 447 1502 552 1567; x_wconf 84' lang='lat' dir='ltr'>Cerno</span> <span class='ocrx_word' id='word_1_53' title='bbox 576 1502 695 1566; x_wconf 89' lang='lat' dir='ltr'>etenim</span> <span class='ocrx_word' id='word_1_54' title='bbox 719 1524 873 1587; x_wconf 87' lang='lat' dir='ltr'>magnum</span> <span class='ocrx_word' id='word_1_55' title='bbox 898 1503 1048 1587; x_wconf 85' lang='lat' dir='ltr'>Augusto</span> <span class='ocrx_word' id='word_1_56' title='bbox 1072 1524 1147 1566; x_wconf 84' lang='lat' dir='ltr'>cum</span> <span class='ocrx_word' id='word_1_57' title='bbox 1171 1524 1249 1588; x_wconf 80' lang='lat' dir='ltr'>rege</span> <span class='ocrx_word' id='word_1_58' title='bbox 1272 1514 1417 1567; x_wconf 87' lang='lat' dir='ltr'>senatum</span> 
     </span>
     <span class='ocr_line' id='line_1_11' title="bbox 447 1608 1216 1695; baseline 0 -23"><span class='ocrx_word' id='word_1_59' title='bbox 447 1609 577 1672; x_wconf 82' lang='lat' dir='ltr'>Effusas</span> <span class='ocrx_word' id='word_1_60' title='bbox 600 1608 744 1673; x_wconf 76' lang='lat' dir='ltr'>lacrimis</span> <span class='ocrx_word' id='word_1_61' title='bbox 767 1619 799 1673; x_wconf 90' lang='lat' dir='ltr'>et</span> <span class='ocrx_word' id='word_1_62' title='bbox 822 1608 911 1695; x_wconf 88' lang='lat' dir='ltr'>pulla</span> <span class='ocrx_word' id='word_1_63' title='bbox 934 1619 1024 1672; x_wconf 84' lang='lat' dir='ltr'>veste</span> <span class='ocrx_word' id='word_1_64' title='bbox 1047 1610 1216 1673; x_wconf 90' lang='lat' dir='ltr'>recinctos.</span> 
     </span>
     <span class='ocr_line' id='line_1_12' title="bbox 448 1714 1236 1802; baseline 0.001 -23"><span class='ocrx_word' id='word_1_65' title='bbox 448 1714 544 1779; x_wconf 83' lang='lat' dir='ltr'>Flent</span> <span class='ocrx_word' id='word_1_66' title='bbox 566 1716 756 1779; x_wconf 87' lang='lat' dir='ltr'>immaturos</span> <span class='ocrx_word' id='word_1_67' title='bbox 779 1715 885 1779; x_wconf 85' lang='lat' dir='ltr'>obitus</span> <span class='ocrx_word' id='word_1_68' title='bbox 908 1726 1144 1802; x_wconf 85' lang='lat' dir='ltr'>properataque</span> <span class='ocrx_word' id='word_1_69' title='bbox 1167 1716 1236 1780; x_wconf 87' lang='lat' dir='ltr'>fata</span> 
     </span>
     <span class='ocr_line' id='line_1_13' title="bbox 447 1822 1200 1909; baseline 0.001 -24"><span class='ocrx_word' id='word_1_70' title='bbox 447 1822 688 1909; x_wconf 85' lang='lat' dir='ltr'>Indignumque</span> <span class='ocrx_word' id='word_1_71' title='bbox 711 1822 803 1886; x_wconf 86' lang='lat' dir='ltr'>nefas</span> <span class='ocrx_word' id='word_1_72' title='bbox 826 1832 858 1886; x_wconf 91' lang='lat' dir='ltr'>et</span> <span class='ocrx_word' id='word_1_73' title='bbox 881 1822 948 1886; x_wconf 89' lang='lat' dir='ltr'>cari</span> <span class='ocrx_word' id='word_1_74' title='bbox 971 1822 1070 1886; x_wconf 86' lang='lat' dir='ltr'>funus</span> <span class='ocrx_word' id='word_1_75' title='bbox 1095 1823 1200 1887; x_wconf 88' lang='lat' dir='ltr'>amici.</span> 
     </span>
     <span class='ocr_line' id='line_1_14' title="bbox 446 1928 1306 2013; baseline 0.001 -21"><span class='ocrx_word' id='word_1_76' title='bbox 446 1929 473 1992; x_wconf 89' lang='lat' dir='ltr'>F</span> <span class='ocrx_word' id='word_1_77' title='bbox 474 1928 542 1993; x_wconf 89' lang='lat' dir='ltr'>lent</span> <span class='ocrx_word' id='word_1_78' title='bbox 565 1952 689 1994; x_wconf 87' lang='lat' dir='ltr'>omnes:</span> <span class='ocrx_word' id='word_1_79' title='bbox 713 1940 778 2013; x_wconf 89' lang='lat' dir='ltr'>tua,</span> <span class='ocrx_word' id='word_1_80' title='bbox 801 1930 952 2013; x_wconf 85' lang='lat' dir='ltr'>Tamovi,</span> <span class='ocrx_word' id='word_1_81' title='bbox 977 1928 1033 1993; x_wconf 88' lang='lat' dir='ltr'>sed</span> <span class='ocrx_word' id='word_1_82' title='bbox 1057 1928 1182 1993; x_wconf 87' lang='lat' dir='ltr'>lumina</span> <span class='ocrx_word' id='word_1_83' title='bbox 1205 1952 1306 1995; x_wconf 84' lang='lat' dir='ltr'>cerne</span> 
     </span>
     <span class='ocr_line' id='line_1_15' title="bbox 343 2035 1330 2124; baseline 0.003 -27"><span class='ocrx_word' id='word_1_84' title='bbox 343 2057 411 2099; x_wconf 72' lang='lat'>115.</span> <span class='ocrx_word' id='word_1_85' title='bbox 446 2035 522 2099; x_wconf 86' lang='lat' dir='ltr'>Uda</span> <span class='ocrx_word' id='word_1_86' title='bbox 546 2037 649 2121; x_wconf 81' lang='lat' dir='ltr'>magis</span> <span class='ocrx_word' id='word_1_87' title='bbox 673 2058 834 2122; x_wconf 83' lang='lat' dir='ltr'>raucaque</span> <span class='ocrx_word' id='word_1_88' title='bbox 859 2047 1009 2101; x_wconf 84' lang='lat' dir='ltr'>sonantes</span> <span class='ocrx_word' id='word_1_89' title='bbox 1031 2048 1162 2122; x_wconf 82' lang='lat' dir='ltr'>guttum</span> <span class='ocrx_word' id='word_1_90' title='bbox 1185 2048 1330 2124; x_wconf 82' lang='lat' dir='ltr'>questus,</span> 
     </span>
     <span class='ocr_line' id='line_1_16' title="bbox 447 2143 1216 2230; baseline 0.001 -24"><span class='ocrx_word' id='word_1_91' title='bbox 447 2143 597 2227; x_wconf 82' lang='lat' dir='ltr'>Tamari,</span> <span class='ocrx_word' id='word_1_92' title='bbox 621 2153 665 2227; x_wconf 87' lang='lat' dir='ltr'>tu,</span> <span class='ocrx_word' id='word_1_93' title='bbox 689 2168 708 2207; x_wconf 88' lang='lat'>0</span> <span class='ocrx_word' id='word_1_94' title='bbox 731 2144 883 2227; x_wconf 82' lang='lat' dir='ltr'>Tarncvi,</span> <span class='ocrx_word' id='word_1_95' title='bbox 907 2144 1086 2208; x_wconf 86' lang='lat' dir='ltr'>clarissime</span> <span class='ocrx_word' id='word_1_96' title='bbox 1109 2144 1216 2230; x_wconf 83' lang='lat' dir='ltr'>gentis</span> 
     </span>
     <span class='ocr_line' id='line_1_17' title="bbox 449 2249 1375 2336; baseline 0 -22"><span class='ocrx_word' id='word_1_97' title='bbox 449 2250 685 2333; x_wconf 82' lang='lat' dir='ltr'>Sauromatum,</span> <span class='ocrx_word' id='word_1_98' title='bbox 709 2262 786 2313; x_wconf 82' lang='lat' dir='ltr'>cara</span> <span class='ocrx_word' id='word_1_99' title='bbox 809 2260 884 2314; x_wconf 89' lang='lat' dir='ltr'>ante</span> <span class='ocrx_word' id='word_1_100' title='bbox 907 2249 987 2314; x_wconf 88' lang='lat' dir='ltr'>alios</span> <span class='ocrx_word' id='word_1_101' title='bbox 1010 2251 1064 2315; x_wconf 93' lang='lat' dir='ltr'>cui</span> <span class='ocrx_word' id='word_1_102' title='bbox 1087 2249 1220 2336; x_wconf 86' lang='lat' dir='ltr'>publica</span> <span class='ocrx_word' id='word_1_103' title='bbox 1242 2272 1297 2315; x_wconf 87' lang='lat' dir='ltr'>res</span> <span class='ocrx_word' id='word_1_104' title='bbox 1319 2260 1375 2315; x_wconf 82' lang='lat' dir='ltr'>est.</span> 
     </span>
     <span class='ocr_line' id='line_1_18' title="bbox 448 2356 1355 2444; baseline -0.003 -21"><span class='ocrx_word' id='word_1_105' title='bbox 448 2357 618 2444; x_wconf 73' lang='lat' dir='ltr'>(lmitaque</span> <span class='ocrx_word' id='word_1_106' title='bbox 641 2358 878 2442; x_wconf 82' lang='lat' dir='ltr'>magnanimus,</span> <span class='ocrx_word' id='word_1_107' title='bbox 902 2356 1018 2421; x_wconf 88' lang='lat' dir='ltr'>studiis</span> <span class='ocrx_word' id='word_1_108' title='bbox 1042 2379 1199 2422; x_wconf 87' lang='lat' dir='ltr'>accensus</span> <span class='ocrx_word' id='word_1_109' title='bbox 1223 2357 1355 2442; x_wconf 83' lang='lat' dir='ltr'>eisdem,</span> 
     </span>
     <span class='ocr_line' id='line_1_19' title="bbox 447 2463 1359 2548; baseline -0.002 -21"><span class='ocrx_word' id='word_1_110' title='bbox 447 2463 514 2527; x_wconf 86' lang='lat' dir='ltr'>Dat</span> <span class='ocrx_word' id='word_1_111' title='bbox 537 2463 697 2547; x_wconf 84' lang='lat' dir='ltr'>lacrimas,</span> <span class='ocrx_word' id='word_1_112' title='bbox 722 2486 839 2548; x_wconf 83' lang='lat' dir='ltr'>magno</span> <span class='ocrx_word' id='word_1_113' title='bbox 863 2475 894 2528; x_wconf 91' lang='lat' dir='ltr'>et</span> <span class='ocrx_word' id='word_1_114' title='bbox 918 2464 1025 2527; x_wconf 84' lang='lat' dir='ltr'>victus</span> <span class='ocrx_word' id='word_1_115' title='bbox 1048 2463 1136 2527; x_wconf 87' lang='lat' dir='ltr'>lavat</span> <span class='ocrx_word' id='word_1_116' title='bbox 1159 2486 1216 2528; x_wconf 88' lang='lat' dir='ltr'>ora</span> <span class='ocrx_word' id='word_1_117' title='bbox 1239 2463 1359 2545; x_wconf 82' lang='lat' dir='ltr'>dolore,</span> 
     </span>
     <span class='ocr_line' id='line_1_20' title="bbox 344 2569 1369 2656; baseline 0.001 -24"><span class='ocrx_word' id='word_1_118' title='bbox 344 2591 412 2633; x_wconf 77' lang='lat'>1⁸20.</span> <span class='ocrx_word' id='word_1_119' title='bbox 447 2570 553 2636; x_wconf 83' lang='lat' dir='ltr'>Omita</span> <span class='ocrx_word' id='word_1_120' title='bbox 577 2569 681 2634; x_wconf 89' lang='lat' dir='ltr'>bonus</span> <span class='ocrx_word' id='word_1_121' title='bbox 704 2571 828 2656; x_wconf 86' lang='lat' dir='ltr'>patriae</span> <span class='ocrx_word' id='word_1_122' title='bbox 851 2581 882 2635; x_wconf 87' lang='lat' dir='ltr'>et</span> <span class='ocrx_word' id='word_1_123' title='bbox 906 2593 970 2634; x_wconf 89' lang='lat' dir='ltr'>non</span> <span class='ocrx_word' id='word_1_124' title='bbox 994 2569 1184 2634; x_wconf 85' lang='lat' dir='ltr'>infitiandus</span> <span class='ocrx_word' id='word_1_125' title='bbox 1209 2570 1369 2634; x_wconf 86' lang='lat' dir='ltr'>alumnus.</span> 
     </span>
     <span class='ocr_line' id='line_1_21' title="bbox 447 2676 1201 2764; baseline 0.003 -25"><span class='ocrx_word' id='word_1_126' title='bbox 447 2676 603 2740; x_wconf 89' lang='lat' dir='ltr'>Ablatum</span> <span class='ocrx_word' id='word_1_127' title='bbox 627 2677 721 2740; x_wconf 84' lang='lat' dir='ltr'>terris</span> <span class='ocrx_word' id='word_1_128' title='bbox 746 2676 929 2742; x_wconf 81' lang='lat' dir='ltr'>Samuelem</span> <span class='ocrx_word' id='word_1_129' title='bbox 953 2676 1042 2763; x_wconf 86' lang='lat' dir='ltr'>luget</span> <span class='ocrx_word' id='word_1_130' title='bbox 1066 2688 1201 2764; x_wconf 87' lang='lat' dir='ltr'>uterquc</span> 
     </span>
     <span class='ocr_line' id='line_1_22' title="bbox 447 2784 1302 2869; baseline 0.001 -22"><span class='ocrx_word' id='word_1_131' title='bbox 447 2784 587 2868; x_wconf 79' lang='lat' dir='ltr'>Largius</span> <span class='ocrx_word' id='word_1_132' title='bbox 611 2793 642 2846; x_wconf 85' lang='lat' dir='ltr'>et</span> <span class='ocrx_word' id='word_1_133' title='bbox 666 2806 820 2869; x_wconf 82' lang='lat' dir='ltr'>magnum</span> <span class='ocrx_word' id='word_1_134' title='bbox 843 2784 965 2869; x_wconf 82' lang='lat' dir='ltr'>gemitu</span> <span class='ocrx_word' id='word_1_135' title='bbox 989 2793 1126 2848; x_wconf 88' lang='lat' dir='ltr'>testatur</span> <span class='ocrx_word' id='word_1_136' title='bbox 1148 2806 1302 2848; x_wconf 90' lang='lat' dir='ltr'>amorem.</span> 
     </span>
     <span class='ocr_line' id='line_1_23' title="bbox 446 2890 1303 2976; baseline -0.001 -22"><span class='ocrx_word' id='word_1_137' title='bbox 446 2890 516 2954; x_wconf 87' lang='lat' dir='ltr'>Nec</span> <span class='ocrx_word' id='word_1_138' title='bbox 539 2901 573 2953; x_wconf 92' lang='lat' dir='ltr'>tu</span> <span class='ocrx_word' id='word_1_139' title='bbox 599 2891 776 2954; x_wconf 88' lang='lat' dir='ltr'>luminibus</span> <span class='ocrx_word' id='word_1_140' title='bbox 801 2901 927 2976; x_wconf 86' lang='lat' dir='ltr'>spectas</span> <span class='ocrx_word' id='word_1_141' title='bbox 949 2890 1031 2956; x_wconf 87' lang='lat' dir='ltr'>haec</span> <span class='ocrx_word' id='word_1_142' title='bbox 1055 2890 1171 2955; x_wconf 85' lang='lat' dir='ltr'>funera</span> <span class='ocrx_word' id='word_1_143' title='bbox 1195 2891 1303 2973; x_wconf 87' lang='lat' dir='ltr'>siccis,</span> 
     </span>
     <span class='ocr_line' id='line_1_24' title="bbox 447 2996 1350 3082; baseline 0.001 -22"><span class='ocrx_word' id='word_1_144' title='bbox 447 2997 518 3061; x_wconf 82' lang='lat' dir='ltr'>Rex</span> <span class='ocrx_word' id='word_1_145' title='bbox 541 2999 702 3082; x_wconf 83' lang='lat' dir='ltr'>Auguste:</span> <span class='ocrx_word' id='word_1_146' title='bbox 727 2998 819 3081; x_wconf 82' lang='lat' dir='ltr'>genis</span> <span class='ocrx_word' id='word_1_147' title='bbox 843 2997 996 3062; x_wconf 89' lang='lat' dir='ltr'>lacrimae</span> <span class='ocrx_word' id='word_1_148' title='bbox 1019 2997 1196 3061; x_wconf 87' lang='lat' dir='ltr'>volvuntur</span> <span class='ocrx_word' id='word_1_149' title='bbox 1219 2996 1350 3061; x_wconf 85' lang='lat' dir='ltr'>obortae</span> 
     </span>
     <span class='ocr_line' id='line_1_25' title="bbox 345 3101 1394 3190; baseline 0 -25"><span class='ocrx_word' id='word_1_150' title='bbox 345 3124 413 3166; x_wconf 77' lang='lat' dir='ltr'>ras.</span> <span class='ocrx_word' id='word_1_151' title='bbox 450 3104 491 3166; x_wconf 78' lang='lat' dir='ltr'>Et.</span> <span class='ocrx_word' id='word_1_152' title='bbox 514 3105 616 3167; x_wconf 88' lang='lat' dir='ltr'>maior</span> <span class='ocrx_word' id='word_1_153' title='bbox 638 3115 752 3189; x_wconf 88' lang='lat' dir='ltr'>pectus</span> <span class='ocrx_word' id='word_1_154' title='bbox 774 3106 900 3190; x_wconf 89' lang='lat' dir='ltr'>premit,</span> <span class='ocrx_word' id='word_1_155' title='bbox 924 3104 997 3188; x_wconf 89' lang='lat' dir='ltr'>heu,</span> <span class='ocrx_word' id='word_1_156' title='bbox 1020 3103 1113 3168; x_wconf 88' lang='lat' dir='ltr'>dolor</span> <span class='ocrx_word' id='word_1_157' title='bbox 1135 3105 1270 3187; x_wconf 88' lang='lat' dir='ltr'>imaque</span> <span class='ocrx_word' id='word_1_158' title='bbox 1293 3101 1394 3190; x_wconf 87' lang='lat' dir='ltr'>pulsat</span> 
     </span>
     <span class='ocr_line' id='line_1_26' title="bbox 448 3208 1353 3297; baseline -0.003 -22"><span class='ocrx_word' id='word_1_159' title='bbox 448 3208 556 3275; x_wconf 84' lang='lat' dir='ltr'>Corda</span> <span class='ocrx_word' id='word_1_160' title='bbox 579 3233 760 3295; x_wconf 76' lang='lat' dir='ltr'>gravesque</span> <span class='ocrx_word' id='word_1_161' title='bbox 784 3212 892 3275; x_wconf 85' lang='lat' dir='ltr'>anime</span> <span class='ocrx_word' id='word_1_162' title='bbox 916 3210 1062 3275; x_wconf 88' lang='lat' dir='ltr'>stimulos</span> <span class='ocrx_word' id='word_1_163' title='bbox 1086 3210 1199 3297; x_wconf 84' lang='lat' dir='ltr'>deligit</span> <span class='ocrx_word' id='word_1_164' title='bbox 1222 3212 1256 3273; x_wconf 89' lang='lat' dir='ltr'>in</span> <span class='ocrx_word' id='word_1_165' title='bbox 1281 3210 1353 3274; x_wconf 83' lang='lat' dir='ltr'>altu.</span> 
     </span>
     <span class='ocr_line' id='line_1_27' title="bbox 447 3316 1208 3403; baseline 0.004 -24"><span class='ocrx_word' id='word_1_166' title='bbox 447 3316 622 3402; x_wconf 69' lang='lat' dir='ltr'>Incertum,</span> <span class='ocrx_word' id='word_1_167' title='bbox 645 3317 719 3403; x_wconf 85' lang='lat' dir='ltr'>plus</span> <span class='ocrx_word' id='word_1_168' title='bbox 742 3328 773 3381; x_wconf 87' lang='lat' dir='ltr'>te</span> <span class='ocrx_word' id='word_1_169' title='bbox 797 3317 957 3384; x_wconf 86' lang='lat' dir='ltr'>Samuelis</span> <span class='ocrx_word' id='word_1_170' title='bbox 981 3340 1076 3383; x_wconf 87' lang='lat' dir='ltr'>casus</span> <span class='ocrx_word' id='word_1_171' title='bbox 1100 3319 1208 3402; x_wconf 86' lang='lat' dir='ltr'>amati,</span> 
     </span>
     <span class='ocr_line' id='line_1_28' title="bbox 447 3422 1249 3507; baseline 0 -21"><span class='ocrx_word' id='word_1_172' title='bbox 447 3422 527 3507; x_wconf 79' lang='lat' dir='ltr'>Rex,</span> <span class='ocrx_word' id='word_1_173' title='bbox 551 3435 677 3488; x_wconf 81' lang='lat' dir='ltr'>mereat</span> <span class='ocrx_word' id='word_1_174' title='bbox 700 3435 791 3487; x_wconf 89' lang='lat' dir='ltr'>tanta</span> <span class='ocrx_word' id='word_1_175' title='bbox 815 3435 847 3487; x_wconf 88' lang='lat' dir='ltr'>et</span> <span class='ocrx_word' id='word_1_176' title='bbox 870 3424 1016 3488; x_wconf 89' lang='lat' dir='ltr'>scelerati</span> <span class='ocrx_word' id='word_1_177' title='bbox 1041 3425 1161 3488; x_wconf 89' lang='lat' dir='ltr'>iniuria</span> <span class='ocrx_word' id='word_1_178' title='bbox 1184 3424 1249 3506; x_wconf 83' lang='lat' dir='ltr'>leti,</span> 
     </span>
     <span class='ocr_line' id='line_1_29' title="bbox 449 3529 1258 3617; baseline 0.004 -26"><span class='ocrx_word' id='word_1_179' title='bbox 449 3529 506 3592; x_wconf 82' lang='lat' dir='ltr'>Est</span> <span class='ocrx_word' id='word_1_180' title='bbox 531 3553 572 3592; x_wconf 89' lang='lat' dir='ltr'>an</span> <span class='ocrx_word' id='word_1_181' title='bbox 596 3531 683 3616; x_wconf 83' lang='lat' dir='ltr'>qued</span> <span class='ocrx_word' id='word_1_182' title='bbox 707 3533 849 3595; x_wconf 88' lang='lat' dir='ltr'>caritura</span> <span class='ocrx_word' id='word_1_183' title='bbox 873 3533 943 3596; x_wconf 86' lang='lat' dir='ltr'>vire</span> <span class='ocrx_word' id='word_1_184' title='bbox 966 3542 1022 3596; x_wconf 91' lang='lat' dir='ltr'>tua</span> <span class='ocrx_word' id='word_1_185' title='bbox 1045 3533 1136 3617; x_wconf 87' lang='lat' dir='ltr'>regia</span> <span class='ocrx_word' id='word_1_186' title='bbox 1158 3541 1258 3595; x_wconf 81' lang='lat' dir='ltr'>tantu.</span> 
     </span>
     <span class='ocr_line' id='line_1_30' title="bbox 343 3635 1293 3725; baseline 0.002 -26"><span class='ocrx_word' id='word_1_187' title='bbox 343 3656 412 3699; x_wconf 80' lang='lat'>1³0.</span> <span class='ocrx_word' id='word_1_188' title='bbox 448 3635 550 3701; x_wconf 88' lang='lat' dir='ltr'>Cuius</span> <span class='ocrx_word' id='word_1_189' title='bbox 574 3660 633 3723; x_wconf 86' lang='lat' dir='ltr'>ope</span> <span class='ocrx_word' id='word_1_190' title='bbox 657 3637 788 3702; x_wconf 85' lang='lat' dir='ltr'>adiutus</span> <span class='ocrx_word' id='word_1_191' title='bbox 811 3638 916 3702; x_wconf 85' lang='lat' dir='ltr'>levius</span> <span class='ocrx_word' id='word_1_192' title='bbox 939 3638 1015 3701; x_wconf 89' lang='lat' dir='ltr'>data</span> <span class='ocrx_word' id='word_1_193' title='bbox 1039 3648 1167 3725; x_wconf 88' lang='lat' dir='ltr'>sceptra</span> <span class='ocrx_word' id='word_1_194' title='bbox 1188 3637 1293 3702; x_wconf 89' lang='lat' dir='ltr'>tulisti</span> 
     </span>
     <span class='ocr_line' id='line_1_31' title="bbox 448 3742 1327 3830; baseline 0.003 -23"><span class='ocrx_word' id='word_1_195' title='bbox 448 3742 675 3830; x_wconf 82' lang='lat' dir='ltr'>Consultisque</span> <span class='ocrx_word' id='word_1_196' title='bbox 698 3744 774 3808; x_wconf 88' lang='lat' dir='ltr'>elim</span> <span class='ocrx_word' id='word_1_197' title='bbox 799 3768 953 3829; x_wconf 80' lang='lat' dir='ltr'>magnum</span> <span class='ocrx_word' id='word_1_198' title='bbox 976 3755 1034 3808; x_wconf 89' lang='lat' dir='ltr'>tua</span> <span class='ocrx_word' id='word_1_199' title='bbox 1056 3744 1155 3810; x_wconf 89' lang='lat' dir='ltr'>corda</span> <span class='ocrx_word' id='word_1_200' title='bbox 1177 3743 1327 3810; x_wconf 86' lang='lat' dir='ltr'>levamen</span> 
     </span>
     <span class='ocr_line' id='line_1_32' title="bbox 449 3849 1275 3938; baseline 0.001 -25"><span class='ocrx_word' id='word_1_201' title='bbox 449 3849 625 3914; x_wconf 88' lang='lat' dir='ltr'>Senserunt</span> <span class='ocrx_word' id='word_1_202' title='bbox 648 3852 795 3916; x_wconf 83' lang='lat' dir='ltr'>cecidere</span> <span class='ocrx_word' id='word_1_203' title='bbox 817 3874 934 3935; x_wconf 68' lang='lat' dir='ltr'>grates</span> <span class='ocrx_word' id='word_1_204' title='bbox 958 3864 989 3915; x_wconf 89' lang='lat' dir='ltr'>et</span> <span class='ocrx_word' id='word_1_205' title='bbox 1012 3862 1141 3938; x_wconf 87' lang='lat' dir='ltr'>pectere</span> <span class='ocrx_word' id='word_1_206' title='bbox 1164 3872 1275 3915; x_wconf 88' lang='lat' dir='ltr'>curae:</span> 
     </span>
     <span class='ocr_line' id='line_1_33' title="bbox 448 3956 1334 4044; baseline -0.003 -23"><span class='ocrx_word' id='word_1_207' title='bbox 448 3956 558 4021; x_wconf 81' lang='lat' dir='ltr'>Crevit</span> <span class='ocrx_word' id='word_1_208' title='bbox 581 3958 683 4021; x_wconf 79' lang='lat' dir='ltr'>lrennr</span> <span class='ocrx_word' id='word_1_209' title='bbox 706 3960 795 4044; x_wconf 80' lang='lat' dir='ltr'>regni</span> <span class='ocrx_word' id='word_1_210' title='bbox 820 3971 851 4022; x_wconf 87' lang='lat' dir='ltr'>et</span> <span class='ocrx_word' id='word_1_211' title='bbox 875 3959 956 4022; x_wconf 88' lang='lat' dir='ltr'>bcue</span> <span class='ocrx_word' id='word_1_212' title='bbox 978 3960 1078 4043; x_wconf 82' lang='lat' dir='ltr'>gestis</span> <span class='ocrx_word' id='word_1_213' title='bbox 1101 3958 1205 4043; x_wconf 78' lang='lat' dir='ltr'>gloria</span> <span class='ocrx_word' id='word_1_214' title='bbox 1229 3958 1334 4021; x_wconf 88' lang='lat' dir='ltr'>rebus.</span> 
     </span>
     <span class='ocr_line' id='line_1_34' title="bbox 537 4063 1343 4151; baseline -0.001 -25"><span class='ocrx_word' id='word_1_215' title='bbox 537 4064 634 4142; x_wconf 77' lang='lat' dir='ltr'>Quid.</span> <span class='ocrx_word' id='word_1_216' title='bbox 660 4088 734 4128; x_wconf 79' lang='lat' dir='ltr'>erim</span> <span class='ocrx_word' id='word_1_217' title='bbox 759 4077 900 4129; x_wconf 83' lang='lat' dir='ltr'>aratores</span> <span class='ocrx_word' id='word_1_218' title='bbox 924 4066 1024 4128; x_wconf 84' lang='lat' dir='ltr'>variis</span> <span class='ocrx_word' id='word_1_219' title='bbox 1047 4088 1065 4129; x_wconf 90' lang='lat' dir='ltr'>e</span> <span class='ocrx_word' id='word_1_220' title='bbox 1088 4064 1235 4151; x_wconf 89' lang='lat' dir='ltr'>partibus</span> <span class='ocrx_word' id='word_1_221' title='bbox 1256 4063 1343 4127; x_wconf 80' lang='lat' dir='ltr'>erbis</span> 
     </span>
     <span class='ocr_line' id='line_1_35' title="bbox 347 4171 1316 4257; baseline 0.002 -27"><span class='ocrx_word' id='word_1_222' title='bbox 347 4191 415 4231; x_wconf 77' lang='lat'><strong>135.</strong></span> <span class='ocrx_word' id='word_1_223' title='bbox 451 4171 640 4234; x_wconf 75' lang='lat' dir='ltr'>Venerunt?</span> <span class='ocrx_word' id='word_1_224' title='bbox 665 4173 752 4235; x_wconf 84' lang='lat' dir='ltr'>misit</span> <span class='ocrx_word' id='word_1_225' title='bbox 777 4174 801 4235; x_wconf 88' lang='lat' dir='ltr'>si</span> <span class='ocrx_word' id='word_1_226' title='bbox 827 4195 921 4257; x_wconf 88' lang='lat' dir='ltr'>quem</span> <span class='ocrx_word' id='word_1_227' title='bbox 946 4172 1003 4236; x_wconf 86' lang='lat' dir='ltr'>tibi</span> <span class='ocrx_word' id='word_1_228' title='bbox 1029 4173 1192 4235; x_wconf 85' lang='lat' dir='ltr'>maximus</span> <span class='ocrx_word' id='word_1_229' title='bbox 1217 4173 1316 4235; x_wconf 82' lang='lat' dir='ltr'>aruris</span> 
     </span>
     <span class='ocr_line' id='line_1_36' title="bbox 448 4276 1317 4363; baseline 0.001 -26"><span class='ocrx_word' id='word_1_230' title='bbox 448 4276 658 4363; x_wconf 86' lang='lat' dir='ltr'>Invictusque</span> <span class='ocrx_word' id='word_1_231' title='bbox 682 4302 779 4341; x_wconf 85' lang='lat' dir='ltr'>mann</span> <span class='ocrx_word' id='word_1_232' title='bbox 806 4285 938 4343; x_wconf 55' lang='lat' dir='ltr'>‹ariesar1</span> <span class='ocrx_word' id='word_1_233' title='bbox 963 4280 1102 4343; x_wconf 80' lang='lat' dir='ltr'>l&#39;raterve</span> <span class='ocrx_word' id='word_1_234' title='bbox 1126 4279 1317 4361; x_wconf 56' lang='lat' dir='ltr'>Quinum</span> 
     </span>
    </p>
   </div>
   <div class='ocr_carea' id='block_1_3' title="bbox 452 4432 640 4481">
    <p class='ocr_par' dir='ltr' id='par_1_3' title="bbox 452 4432 640 4481">
     <span class='ocr_line' id='line_1_37' title="bbox 452 4432 640 4481; baseline -0.016 1"><span class='ocrx_word' id='word_1_235' title='bbox 452 4432 459 4458; x_wconf 86' lang='lat'><strong>¹</strong></span> <span class='ocrx_word' id='word_1_236' title='bbox 479 4432 590 4481; x_wconf 81' lang='lat' dir='ltr'>Carolus</span> <span class='ocrx_word' id='word_1_237' title='bbox 611 4435 640 4479; x_wconf 86' lang='lat' dir='ltr'>V.</span> 
     </span>
    </p>
   </div>
   <div class='ocr_carea' id='block_1_4' title="bbox 449 4520 943 4585">
    <p class='ocr_par' dir='ltr' id='par_1_4' title="bbox 449 4520 943 4585">
     <span class='ocr_line' id='line_1_38' title="bbox 449 4520 943 4585; baseline 0 -14"><span class='ocrx_word' id='word_1_238' title='bbox 449 4520 670 4585; x_wconf 78' lang='lat' dir='ltr'>²l&#39;er·din:rndus,</span> <span class='ocrx_word' id='word_1_239' title='bbox 690 4539 736 4572; x_wconf 85' lang='lat' dir='ltr'>rex</span> <span class='ocrx_word' id='word_1_240' title='bbox 757 4524 943 4572; x_wconf 82' lang='lat' dir='ltr'>Romanorum.</span> 
     </span>
    </p>
   </div>
   <div class='ocr_carea' id='block_1_5' title="bbox 0 0 1481 5302">
    <p class='ocr_par' dir='ltr' id='par_1_5' title="bbox 0 0 1481 5302">
     <span class='ocr_line' id='line_1_39' title="bbox 0 0 1481 5302; baseline 0 0"><span class='ocrx_word' id='word_1_241' title='bbox 0 0 1481 5302; x_wconf 95' lang='lat' dir='ltr'> </span> 
     </span>
    </p>
   </div>
  </div>
 </body>
</html>
