2948 5302
300 455 361 502 xV1
796 464 949 500 antimaria,

299 660 386 746 lique
417 661 543 723 Erasmi
568 658 853 742 Rotterdamensis,
881 657 1165 744 congregabantur
1186 653 1333 719 homines
1356 653 1435 718 litte

297 768 360 831 rati
384 778 416 832 et
439 768 596 852 insignes,
621 777 656 830 ut
680 766 879 829 Franciscus
901 765 1112 829 Lismaninus
1135 762 1362 852 Corcyreusis,
1385 760 1434 847 qui

298 874 392 937 aulae
423 875 533 957 regiae
567 874 672 958 gratia
706 871 783 936 iude
817 870 859 935 ab
894 894 922 935 a.
957 871 1044 937 1538
1078 870 1203 935 ordinis
1227 869 1367 933 fratrum
1391 867 1434 930 sti.

300 981 468 1044 Francisoi
492 980 680 1066 provinciae
704 978 839 1064 polonae
855 989 1011 1064 praeerat,
1035 975 1174 1041 lacobus
1193 973 1364 1056 Prilusius,
1388 995 1434 1038 ca·

300 1087 360 1150 stri
386 1087 605 1150 cracoviensis
629 1083 747 1167 scriba,
778 1085 908 1149 Fricius
931 1083 1137 1168 Modrevius,
1166 1083 1222 1170 qui
1252 1082 1349 1147 brevi
1371 1092 1437 1168 post

296 1194 430 1279 scriptis
454 1194 485 1255 in
511 1193 645 1256 Polonia
668 1190 822 1255 inclaruit
844 1201 877 1256 et
899 1191 976 1255 inde
1006 1191 1047 1255 ab
1080 1213 1108 1254 a.
1140 1190 1227 1254 1546
1257 1212 1278 1253 a
1309 1188 1436 1253 secretis

300 1299 364 1362 fuit
395 1299 497 1384 ipsius
532 1297 734 1383 Sigismundi
768 1299 909 1383 Augusti
944 1298 1048 1383 regis,
1082 1296 1230 1361 Adamua
1264 1295 1435 1360 Drevicius

295 1416 395 1491 atquo
419 1406 560 1487 Iacobus
583 1405 803 1489 Uchanscius,
826 1415 896 1469 tum
920 1405 1068 1470 canonici
1092 1404 1334 1483 cracovienses,
1366 1422 1436 1464 mox

298 1514 401 1577 futuri
425 1514 576 1600 episcopi.

407 1623 513 1705 Atque
536 1621 643 1705 ipsum
662 1618 821 1707 Royzium
837 1618 931 1683 brevi
947 1630 1029 1704 post,
1052 1640 1148 1703 quam
1166 1616 1361 1682 Oracoviam
1386 1636 1436 1678 ve-

299 1728 356 1810 nit,
379 1725 430 1790 his
455 1725 683 1811 congressibus
706 1725 793 1812 apud
821 1724 1002 1789 Tricesium
1019 1724 1216 1808 interfuisse,
1243 1744 1318 1787 cum
1335 1720 1437 1785 desint

297 1833 420 1897 diserta
451 1833 651 1916 testimonia,
686 1842 794 1895 tamen
829 1830 927 1896 facile
957 1831 1035 1895 inde
1066 1832 1226 1905 conicias,
1258 1828 1346 1916 quod
1377 1827 1437 1890 iam

299 1962 318 2002 a
343 1940 456 2026 primis
480 1938 680 2025 temporibus
704 1939 819 2002 intima
850 1937 1003 2003 Andreae
1025 1938 1179 2021 Tricesii,
1206 1937 1339 2001 Ioannis
1370 1933 1437 2023 filii,

301 2046 403 2109 Frioii
434 2044 605 2130 Modrevii,
628 2044 825 2132 Prilusiique
864 2043 1086 2110 familiaritate
1118 2067 1196 2109 usus
1235 2066 1306 2108 esse
1345 2042 1439 2108 claris

298 2151 430 2215 indiciis
447 2152 605 2237 arguitur.
633 2151 852 2237 Agitabantur
867 2161 976 2216 autem
992 2152 1025 2215 in
1041 2150 1098 2214 illo
1114 2149 1237 2215 circulo
1252 2150 1439 2215 Tricesiano

295 2258 438 2322 consilia
461 2281 525 2322 non
549 2257 654 2322 solum
677 2280 725 2339 ea,
747 2281 830 2345 quae
853 2258 887 2321 in
919 2257 1058 2323 ecclesia
1088 2268 1231 2343 tempore
1262 2267 1357 2321 erant
1387 2254 1441 2320 de·

298 2377 444 2451 provata,
477 2364 682 2449 emendandi,
714 2364 771 2428 sed
795 2365 893 2429 etiam
916 2365 1020 2451 ipsius
1042 2364 1200 2429 ecclesiae
1224 2363 1265 2427 ad
1297 2361 1441 2448 singula·

297 2493 367 2535 rem
403 2472 543 2535 nationis
575 2471 685 2558 reique
721 2471 873 2558 publicae
907 2471 1043 2559 polonae
1074 2494 1170 2535 usum
1205 2469 1441 2553 reformandae

299 2577 514 2664 fueruntque,
549 2579 620 2663 qui,
646 2590 680 2642 ut
706 2577 887 2663 Prilusius,
910 2577 1007 2642 huius
1030 2600 1135 2643 novae
1158 2576 1316 2642 ecclesiae
1347 2586 1443 2663 caput

297 2684 405 2770 ipsum
429 2685 622 2748 Polonorum
646 2707 757 2770 regem
779 2708 850 2749 esse
878 2685 1039 2750 volebant.
1066 2685 1178 2772 Neque
1195 2695 1304 2749 tamen
1320 2680 1440 2770 singuli

297 2792 330 2854 in
362 2790 501 2875 singulis
533 2791 714 2856 rationibus
745 2791 982 2856 constituendis
1013 2794 1097 2857 inter
1127 2814 1162 2856 se
1197 2791 1441 2855 consentiebant

290 2896 414 2982 aliique
438 2897 502 2961 alia
525 2897 715 2984 probabant,
737 2899 784 2962 ita
807 2909 843 2962 ut
857 2898 1010 2987 Royaius,
1033 2900 1097 2986 qui,
1112 2919 1309 2985 quamquam
1325 2897 1440 2984 depra-

296 3005 382 3068 vatis
407 3004 576 3069 consulere
600 3005 759 3091 cupiebat,
783 3016 890 3071 tamen
914 3029 934 3070 a
956 3005 1107 3071 novanda
1131 3005 1195 3070 lide
1218 3014 1288 3070 erat
1307 3002 1441 3087 alienus,

291 3110 498 3196 aliquamdiu
521 3110 580 3176 hos
604 3124 738 3177 conatus
762 3123 818 3177 aut
841 3113 926 3177 iusto
942 3112 1087 3196 ulterius,
1108 3123 1165 3175 aut
1180 3122 1266 3177 certe
1281 3111 1316 3174 in
1332 3109 1441 3174 diver·

294 3239 348 3281 sas
372 3228 480 3303 partes
503 3217 636 3283 tendere
659 3230 821 3306 expertus,
844 3218 1034 3306 desperasse
1048 3217 1200 3283 videatur
1220 3216 1261 3282 de
1288 3237 1440 3282 successu

290 3321 356 3387 hoc
379 3324 611 3410 epigrammate
635 3326 723 3390 circa
746 3348 773 3389 a
798 3326 885 3392 1550
908 3327 1027 3390 emisso
1050 3325 1106 3409 (II,
1129 3326 1205 3409 267,
1229 3325 1297 3404 2l):

402 3450 531 3500 Sarmatia
550 3458 688 3501 aeternum
708 3452 798 3502 valcas
817 3452 945 3503 ecclesia!
964 3453 1018 3502 Cur
1035 3469 1088 3502 non

507 3542 651 3588 Aeternum
671 3540 772 3603 valcas,
791 3540 813 3589 si
832 3547 873 3590 tot
891 3540 975 3591 habes
993 3541 1127 3591 medicos?

403 3643 558 3708 Ceterum
581 3667 645 3708 non
669 3643 774 3709 solum
797 3647 832 3709 in
857 3645 1149 3711 consultationibus
1172 3644 1237 3709 illis
1268 3642 1309 3710 de
1339 3643 1442 3710 eccle-

292 3750 346 3812 sia
367 3750 560 3835 corrigenda
586 3774 686 3837 usque
709 3751 751 3816 ad
774 3764 910 3818 mortem
934 3752 1136 3839 Sigismuudi
1159 3752 1176 3816 1
1200 3753 1313 3834 (1548)
1336 3761 1442 3839 partas

296 3854 412 3944 Royzii
431 3857 588 3921 obscurae
605 3868 693 3922 sunt:
708 3859 779 3945 ipso
791 3859 983 3945 professoris
995 3860 1076 3923 iuris
1088 3881 1232 3944 munere,
1244 3880 1309 3946 qua
1318 3861 1442 3925 ratione

294 3962 328 4023 in
346 3963 557 4028 universitate
574 3965 778 4029 cracoviensi
802 3965 939 4050 singulis
963 3968 1058 4030 annis
1083 3966 1217 4032 functus
1241 3967 1291 4050 sit,
1317 3986 1440 4053 quosve

292 4067 458 4133 auditores
473 4068 633 4156 habuerit,
649 4070 741 4136 libris
757 4072 882 4136 ordinis
898 4073 1030 4137 iuridici
1045 4072 1191 4138 eiusdem
1215 4073 1436 4138 universitatis

287 4186 400 4260 postea
425 4176 574 4240 incendio
599 4176 713 4241 deletis
737 4178 794 4241 vix
818 4179 859 4241 ad
884 4178 1042 4264 liquidum
1075 4179 1209 4266 perduci
1229 4190 1338 4266 potest.
1368 4180 1433 4244 No·

289 4303 362 4344 vem
388 4282 481 4344 tranis
505 4282 681 4347 Cracoviae
705 4284 878 4347 tradidisse
903 4308 936 4348 se
960 4299 1060 4349 artem
1088 4288 1159 4351 botri
1186 4299 1216 4350 et
1241 4287 1333 4370 aequi
1365 4289 1431 4373 ipse

288 4387 402 4469 refert,
427 4388 575 4452 tradebat
603 4402 711 4453 autem
742 4392 792 4453 ius
825 4415 993 4455 romanum
1027 4395 1096 4456 sive
1129 4391 1225 4456 civile
1257 4404 1366 4477 utque.
1404 4405 1432 4455 ut

284 4493 393 4558 elucet
426 4518 467 4559 ex
491 4494 623 4561 decreto
655 4500 740 4582 regis
774 4497 813 4560 de
843 4523 880 4560 eo
909 4522 936 4563 a.
974 4503 1058 4563 lirul}
1090 4500 1175 4564 edito
1208 4500 1324 4580 (Ossol.
1360 4501 1437 4564 msti
