3016 5310
520 464 648 498 PONTiFEX
667 465 797 498 ΒΑΒΜΑΤΛ.

248 535 373 552 ...ᾧ
394 547 398 551 .
424 548 428 552 .
501 534 617 552 '.—...
755 548 767 553 ...
845 536 989 553 ..ζ-..;-,

194 659 365 723 Festiuare
388 659 503 742 obitus,
527 658 665 723 Lachesi
690 670 721 724 et
744 659 821 722 data
844 681 944 744 pensa
967 659 1109 744 benigue

194 767 305 831 Invita
328 789 500 853 properare
523 789 631 849 manu,
655 778 787 830 aerata
812 766 934 831 solvere
959 768 1047 831 fata?

193 872 377 939 Rumores¹
401 875 526 960 quoties
550 874 653 960 sparsi
678 873 835 938 oeeidisse
859 873 1009 960 diemque

141 1004 158 1044 ι.
190 981 358 1047 Clausiese
380 992 570 1065 extremum,
593 982 714 1067 primas
737 983 792 1068 qui
817 992 927 1046 eantat
952 981 992 1044 ad
1017 1004 1099 1064 aras,

193 1088 394 1172 Pontifieem,
418 1087 576 1152 affluxere
600 1111 710 1152 omues
734 1099 831 1175 atque
853 1088 968 1153 horrea
992 1097 1117 1153 certant

192 1195 355 1281 Diripere‚
379 1195 526 1281 ingentes
550 1195 646 1259 farris
669 1196 865 1281 populantur
887 1217 1029 1260 acervos.

194 1301 352 1366 Introiere
376 1300 496 1384 domos,
520 1302 666 1388 duraque
689 1303 801 1366 exoisa
823 1302 956 1388 bipenni

193 1407 346 1474 Claustra
368 1409 531 1494 effregero,
556 1431 595 1473 ae
618 1411 695 1473 anui
719 1410 876 1494 penuaria
899 1408 986 1493 longi

141 1537 160 1579 5.
190 1514 362 1601 Expilant3
386 1537 485 1600 gazae
509 1537 569 1580 neo
592 1517 696 1601 paroit
719 1515 839 1602 praedo
863 1527 1016 1601 repostae,

194 1621 304 1702 Quam
327 1632 443 1686 eautus
466 1632 558 1708 [ieter
581 1622 697 1687 infodit
720 1623 835 1688 tellure
859 1622 919 1687 sub
944 1624 1017 1685 iura.

194 1729 323 1795 Cuncta
346 1739 469 1814 patent:
493 1730 615 1793 ferrum
639 1742 670 1794 et
694 1730 849 1795 scelerata
873 1729 1144 1814 lieentia,legu1n

194 1836 429 1923 Contemptrix,
453 1836 582 1901 domitis
604 1838 744 1923 erumpit
767 1838 801 1900 in
825 1837 933 1900 omnia
956 1837 1058 1901 tectis.

196 1943 290 2023 Quae
312 1954 482 2031 exportare
506 1945 625 2031 nequit,
649 1945 734 2009 ferro
758 1955 909 2030 corrupta
933 1943 1086 2028 relinquit

142 2073 162 2115 a
193 2050 317 2137 Igneve
340 2074 438 2116 saeva
461 2074 589 2131 manus3
612 2053 706 2116 teetis
730 2074 834 2116 vacua
858 2052 966 2114 omnia
990 2071 1102 2115 cernes

198 2157 371 2245 Soiseaque
394 2159 570 2245 fractaque.
599 2159 666 2222 Vix
690 2158 820 2222 domino
844 2158 951 2223 laoera
974 2159 1055 2221 atria
1080 2166 1211 2221 reetant.

196 2264 389 2330 Pontifieem
411 2266 575 2349 miserum,
600 2267 652 2330 oui
677 2266 753 2329 rivo
777 2266 912 2351 contigit
935 2264 1039 2329 heres!

289 2370 353 2438 Sed
378 2395 441 2436 non
466 2374 626 2437 immerito
649 2374 842 2457 contingunt
865 2372 943 2435 talia
966 2369 1130 2456 quondam

198 2479 359 2562 Pontifici,
382 2481 437 2567 qui
461 2502 525 2544 non
548 2481 649 2544 iustos
673 2493 817 2544 servarat
840 2480 872 2542 in
897 2502 976 2542 usus

143 2607 165 2649 e.
195 2586 354 2672 Pauperis
377 2585 544 2671 horriduli,
567 2586 652 2672 plebi
678 2584 735 2651 sed
759 2608 877 2650 avarus
900 2608 1021 2671 egenae

199 2691 254 2757 Ad
277 2691 392 2757 luxum
416 2716 602 2780 vanumque
625 2693 734 2778 decus,
759 2694 809 2757 vel
834 2694 942 2758 nescio
966 2691 1078 2778 qualos

199 2800 330 2886 Cogitat
353 2801 395 2865 ad
417 2825 551 2888 pompas
575 2803 666 2887 larga
690 2801 885 2887 profundere
908 2800 1032 2864 dextra.

201 2907 286 2991 Heu,
310 2930 375 2972 non
398 2909 519 2994 praeda
542 2908 666 2985 domus,
690 2910 810 2994 sparsis
833 2907 1018 2972 rumoribus
1043 2907 1121 2989 istis,

200 3013 255 3078 Fit
278 3013 382 3100 modo,
406 3015 462 3080 sed
486 3016 612 3096 titulus3
638 3039 712 3079 nour
736 3016 792 3101 qui
815 3014 945 3078 sudavit
969 3015 1002 3076 in
1027 3011 1102 3075 aula

144 3145 168 3185 ο.
199 3122 348 3208 Largius,
372 3132 404 3187 et
426 3123 536 3209 plures
559 3134 707 3187 numerat
730 3123 900 3187 tremuisse
923 3118 1120 3199 decembres,

201 3227 324 3292 Debita
347 3230 478 3294 servitio
502 3252 562 3295 ceu
587 3231 740 3294 nomina²
763 3229 895 3314 eorripit
920 3228 1002 3291 ultro

202 3334 389 3421 Exsultans‚
411 3337 595 3423 gaudetque
620 3339 813 3423 superstite³
835 3334 983 3422 praesule
1006 3330 1134 3418 praesul

201 3442 294 3508 Voee
317 3442 451 3509 salutari
474 3445 593 3531 populi,
617 3445 747 3530 dieique
770 3444 893 3508 beatus.

203 3548 348 3614 Fortuna
370 3549 433 3617 hae
456 3551 540 3615 alius
564 3553 694 3639 fatoque
717 3551 859 3616 exsultat
882 3549 1004 3633 eodem,

146 3678 170 3720 n.
201 3655 308 3736 Quem
332 3679 501 3742 proeerum
525 3659 618 3723 favor
642 3659 726 3722 altus
750 3658 816 3742 alit,
840 3659 935 3722 cuive
959 3656 1024 3721 alta
1047 3662 1213 3741 potentum

204 3764 308 3850 Stirps
332 3765 457 3829 animos
480 3766 570 3831 eaelo
593 3765 709 3830 attollit
733 3788 885 3852 spemque
909 3763 1016 3829 attulit
1040 3760 1132 3826 ultro.

204 3873 275 3937 Iam
300 3884 398 3959 eaput
419 3872 474 3937 hio
491 3886 586 3941 notat
609 3884 774 3960 tamquam
798 3874 926 3937 oervioe
949 3873 1065 3936 tiaram

205 3978 370 4046 Sustineat
393 3979 572 4068 dextraque
595 3981 723 4067 pedum.
751 3982 824 4044 Non
848 3980 982 4044 ultimus
1006 3977 1059 4042 ille
1083 3987 1131 4042 est

208 4266 215 4294 ¹
235 4266 349 4318 Geraia:
371 4272 545 4326 „rumoreur“.

205 4353 216 4383 ’
235 4355 318 4406 veluti
338 4371 383 4407 aea
402 4356 529 4418 alienum,
548 4356 617 4421 quod
634 4356 743 4406 rervitio
756 4372 904 4421 operaeque
917 4363 1032 4406 navatae
1045 4353 1165 4417 debetur,
1184 4367 1241 4403 eor·

145 4447 164 4496 it
182 4445 299 4497 titulum.

205 4532 215 4563 ¹
236 4534 369 4598 „nondum
388 4535 514 4586 humato*
536 4534 651 4586 voluisse
669 4535 758 4585 dicere
778 4534 884 4585 videtur
903 4544 990 4600 poeta.
