3016 5310
663 467 836 503 DANTISCAM.

204 685 249 728 ιο.
279 663 432 728 Dentisci
454 661 519 727 late
541 661 705 748 populum.
736 663 802 742 Qui
826 661 1013 727 auctoribus
1035 660 1100 726 illis

283 770 402 835 Fertur
423 771 458 834 in
481 791 572 834 arma
595 769 707 832 minax
730 777 900 855 emotaque
922 777 1029 834 mente
1051 769 1204 833 iuventus

284 876 437 941 Exsultat
459 876 576 960 cristis,
599 874 768 961 longisque
790 875 962 940 hastilibus
984 874 1101 961 horret,

284 982 411 1068 Nescia,
435 1005 515 1069 quos
538 991 634 1068 petat,
657 983 683 1045 it
706 981 880 1046 clamorem
904 981 945 1046 ad
969 981 1076 1046 sidera
1099 981 1224 1046 tollens.

284 1088 493 1174 Complevere
515 1089 596 1172 vias,
620 1099 786 1175 tamquam
809 1089 987 1154 Germania
1009 1088 1140 1174 bellurn,

208 1217 251 1261 55.
283 1195 419 1260 Viribus
441 1206 498 1260 aut
521 1195 605 1259 alius
628 1206 759 1260 moveat
782 1195 959 1260 maioribus
982 1195 1092 1280 hostis,

285 1302 389 1367 Milite
411 1324 472 1367 ceu
495 1303 579 1367 fetae
602 1302 644 1366 ad
667 1302 744 1366 litus
769 1312 852 1367 stent
876 1302 964 1368 mille
988 1304 1126 1386 carinae,

285 1411 390 1474 Marte
412 1419 561 1496 premant
585 1410 671 1474 acies
695 1408 888 1495 admotaque
911 1409 1063 1474 machina
1085 1432 1189 1494 muro,

286 1517 478 1604 Inspectum
501 1516 622 1600 domos,
646 1516 770 1582 medias
793 1528 943 1603 assurgat
965 1517 1000 1581 in
1023 1539 1128 1581 auras.

288 1622 330 1689 Se
352 1622 472 1689 clausis
496 1622 621 1687 abdunt
644 1624 745 1710 portis
768 1634 799 1689 et
823 1624 951 1688 moenia
974 1624 1109 1709 cingunt

209 1753 253 1797 ao.
285 1732 438 1816 Armatis,
462 1729 588 1817 fulgent
611 1730 732 1817 galeae,
756 1732 856 1796 micat
879 1730 1021 1816 undique
1045 1731 1181 1794 ferrum:

288 1838 412 1902 Tantus
435 1837 555 1925 ubique
578 1859 680 1923 pavor
702 1839 893 1902 miserorum
916 1847 1048 1923 pectora
1072 1846 1192 1900 versat.

287 1944 403 2030 Legati
426 1943 555 2030 hospitii
580 1965 713 2009 accessu
737 1942 949 2030 prohibentur
971 1951 1003 2007 et
1026 1941 1125 2025 urbis,

287 2050 473 2116 Insomnem
495 2048 573 2115 ludo
596 2050 687 2115 ducit
710 2049 857 2116 custodia
880 2060 1020 2130 noctem3

288 2156 442 2244 Indulget
465 2157 588 2222 baccho
612 2169 643 2221 et
666 2167 809 2221 crateras
833 2157 930 2221 vertit
953 2155 1083 2240 ahenos,

210 2287 255 2330 ac.
287 2264 330 2328 Et
351 2274 499 2351 repetens
522 2275 599 2350 potu
623 2262 715 2349 large
738 2286 772 2328 se
795 2262 914 2349 proluit
937 2272 1015 2327 atre.

289 2372 454 2437 Delicium
476 2373 582 2458 gentis
607 2372 745 2436 cervisia
754 2376 773 2456 ¹,
798 2381 873 2435 nota
896 2370 1003 2436 colore

289 2478 457 2565 Nigrantis
481 2479 564 2566 picis
588 2489 618 2543 et
642 2488 743 2543 tetrae
766 2478 914 2565 fuliginis
936 2478 1048 2542 instar.

378 2586 526 2651 Vertitur
548 2587 671 2651 interea
694 2586 821 2651 eaelum
844 2596 876 2650 et
898 2584 956 2650 lux
981 2584 1067 2649 alma
1090 2584 1155 2648 dici

291 2692 441 2758 Ostendit
464 2693 567 2757 maria
590 2703 621 2757 et
644 2703 747 2758 terras
771 2691 960 2757 mortalibus
985 2693 1099 2777 aegris,

212 2821 256 2864 eo.
287 2799 342 2863 Ad
365 2799 527 2886 durosque
550 2809 646 2864 vocat
669 2798 804 2885 depulsa
827 2809 920 2863 nocte
942 2798 1077 2863 labores.

292 2906 443 2992 Surgitur
466 2930 484 2972 e
507 2907 624 2971 stratis.
650 2906 769 2972 Somno
792 2907 847 2992 qui
870 2905 1059 2989 indulserat,
1083 2905 1188 2968 armis

291 3013 444 3078 Induitur
465 3013 559 3078 miles
582 3036 754 3099 murosque
777 3022 808 3077 et
831 3012 958 3076 moenia
981 3021 1097 3096 servat,

291 3121 505 3207 Prospectans
528 3118 601 3204 late,
626 3121 653 3183 si
677 3142 759 3207 quae
781 3120 892 3184 vicina
914 3142 972 3205 per
995 3141 1076 3183 arva

292 3229 459 3314 Apparent
482 3227 569 3291 acies
592 3227 788 3313 inimicaque
811 3226 886 3313 pila,
911 3224 1058 3312 manipli3

213 3355 258 3400 55.
290 3333 447 3399 Hinnitus
470 3344 501 3398 et
525 3335 552 3397 si
575 3355 753 3420 paucorum
777 3333 902 3397 audivit
925 3355 1089 3418 equorum,

292 3440 420 3526 Cogitat
442 3439 604 3527 externplo
628 3463 816 3504 numerosas
839 3440 951 3504 adfore
973 3448 1106 3522 turmas,

291 3546 441 3631 Infestus,
466 3546 537 3611 urbi
561 3546 726 3611 excidium
751 3569 832 3632 quae
856 3548 947 3611 triste
970 3547 1142 3610 minentur.

291 3655 394 3718 Arma
417 3676 528 3719 amens
553 3653 691 3739 stringit,
716 3653 919 3740 formidoque
941 3664 1072 3740 pectora
1095 3651 1213 3739 pulsat.

381 3759 443 3823 His
466 3781 615 3846 proceres
639 3761 732 3845 regni
756 3771 787 3824 et
810 3760 933 3847 legatos
956 3760 1043 3845 regis
1067 3759 1180 3823 amicis

211 3891 257 3934 ro.
290 3866 422 3934 Scilicet
444 3888 601 3953 excepere
624 3867 750 3932 modis?
778 3867 859 3932 haec
882 3876 1011 3954 pectore
1035 3875 1144 3930 versat

291 3973 421 4038 Perfida
443 3996 532 4059 gens,
556 3975 649 4038 iustis
674 3997 743 4038 sose
767 3997 846 4038 ausa
869 3995 1028 4061 opponere
1052 3971 1207 4058 sceptris?

291 4081 471 4167 Exagitant
493 4090 622 4167 gentem
646 4082 759 4165 furiae,
783 4091 813 4145 et
837 4081 1000 4145 dementia
1023 4088 1120 4144 vexat

291 4188 415 4252 Vesani
439 4198 578 4252 mentem
601 4188 720 4275 populi,
744 4188 916 4251 mitissima
939 4188 1025 4273 regis

293 4437 303 4467 ¹
323 4438 379 4491 scil.
406 4441 492 4503 „Nam
510 4440 634 4491 delicium
653 4441 741 4506 gentis
760 4440 876 4491 cervisia
894 4440 960 4490 est“.
993 4438 1043 4487 sed
1062 4440 1175 4488 fortasse
1194 4434 1330 4499 quaedam

189 4526 343 4578 exciderunt
362 4533 409 4577 aut
427 4528 543 4578 traditus
562 4529 635 4579 locus
656 4537 795 4595 corruptus
815 4536 862 4578 est.
