3016 5310
794 440 870 474 mm
888 438 982 473 Romi.

525 634 587 696 Hie
614 635 826 717 Augustinus,
850 632 972 696 Phoebi
997 656 1080 697 nova
1105 633 1201 697 fama.
1225 633 1415 697 Rotundus¹

430 741 593 823 Occurrit,
617 740 760 803 numeris
784 742 902 803 nostris
926 752 957 804 ot
982 742 1125 805 carmine
1149 742 1261 809 maior.

328 865 398 911 iro.
433 847 541 911 Vilna.
566 859 641 910 tuus
666 857 805 933 praetor3
830 847 949 932 regalis
973 849 1122 911 oonseius
1147 846 1233 911 idom

430 955 567 1029 Arrana
593 978 655 1018 non
681 953 740 1017 hoe
767 955 886 1017 maiore
910 953 1065 1018 aeeedero
1088 955 1167 1017 nixu

430 1060 633 1148 Quemquam
659 1083 854 1125 sueressure
877 1074 985 1147 putem
1010 1072 1075 1124 tam
1100 1084 1192 1147 posse
1217 1060 1361 1125 seeundo

430 1168 531 1231 Areto
556 1168 615 1231 sub
640 1167 746 1253 gelida
772 1166 884 1232 latium
910 1167 1083 1231 defendere
1107 1190 1232 1231 nomen.

430 1275 503 1360 Ipse
528 1274 674 1338 recludat
698 1298 774 1361 opes
798 1297 943 1362 qrraeque
967 1273 1031 1338 alto
1055 1285 1182 1360 pertore
1207 1275 1327 1338 condit.

325 1399 397 1443 tuo.
421 1382 523 1445 Sensa
548 1381 651 1447 modo.
675 1394 706 1445 et.
729 1382 861 1468 paulum
886 1381 1037 1444 elamosis
1062 1380 1172 1444 litibus
1196 1403 1310 1445 aurem

428 1488 618 1554 Subtrahat:
642 1490 809 1574 ingenium
833 1489 939 1574 gentis
965 1487 1123 1551 mirabere
1147 1487 1248 1552 Leeiri

428 1597 471 1659 Et
495 1619 607 1682 sapore
633 1597 823 1683 Hesperiam
849 1595 959 1659 solam.
983 1597 1169 1681 Lilu'rmane.
1193 1595 1338 1681 negabis.

517 1704 559 1766 Et
584 1727 651 1786 vos,
676 1704 810 1766 Borusei
835 1715 866 1765 et
891 1701 1016 1766 Nieolai
1042 1703 1164 1785 Petre²‚
1188 1701 1299 1767 lieebit

428 1809 578 1875 Carmine
603 1811 808 1894 coniungam,
831 1833 912 1896 quos
936 1811 1039 1896 iungit
1064 1833 1141 1875 cura
1167 1809 1319 1897 salusque

326 1939 396 1982 roo.
432 1918 574 2002 Augusti
598 1917 693 2001 regis.
717 1938 854 2003 quorum
878 1917 939 1980 sibi
965 1940 1096 1981 munere
1120 1928 1246 1982 eertum

429 2025 592 2087 Promittit
617 2025 742 2087 senium
766 2022 986 2109 longaevaque
1009 2034 1152 2110 ternpom
1177 2025 1273 2087 vitm.

428 2132 534 2195 Doeta
560 2154 674 2194 manus
699 2131 816 2217 quibus
840 2130 967 2193 rreeedit
991 2129 1132 2217 felixque
1156 2130 1315 2193 medendo

429 2238 597 2301 Francisei
623 2237 854 2325 Naseymbeni.
877 2237 997 2301 Tribus
1021 2261 1086 2301 unu
1109 2237 1253 2323 fidesque
1276 2248 1325 2301 est

427 2344 565 2430 Unaque
589 2345 740 2408 romuleis
764 2345 946 2408 reverentia
970 2343 1079 2408 debita
1102 2345 1214 2407 saeris.

324 2469 394 2513 τοο.
519 2451 587 2514 Nee
614 2452 838 2515 bonaventura
864 2450 904 2514 ab
929 2452 992 2514 ritu
1017 2451 1193 2515 Gardanus
1217 2451 1304 2513 avito

427 2557 597 2622 Diseessit.
621 2557 736 2621 ‹loetns
760 2572 934 2644 nostraque
958 2569 1061 2621 aetate
1085 2557 1255 2621 Machaon.

515 2664 580 2742 Qui
606 2676 637 2726 et
661 2687 764 2749 nuper
787 2663 936 2750 linquens
961 2663 1115 2728 Albertus
1139 2664 1279 2727 Saxonis
1303 2662 1409 2727 aulam

428 2771 607 2836 Craem'iaev
631 2772 781 2857 repetivit
805 2794 901 2855 agros
925 2781 956 2833 et
980 2772 1105 2834 moenia
1130 2771 1222 2855 laeta,

426 2878 533 2941 Dorta
557 2878 768 2943 rnaebaoniae
793 2901 907 2942 manus
932 2879 1010 2941 artis
1034 2888 1066 2942 et.
1089 2877 1153 2942 alta
1177 2879 1240 2942 viri
1266 2901 1357 2943 mens

323 3005 396 3047 aas.
431 2986 537 3071 Atque
561 2985 672 3048 eadem
698 2986 760 3071 pia,
785 2997 893 3049 nostra
918 3008 1018 3047 nosos
1041 3008 1121 3071 (laos
1145 2985 1285 3070 pamurit
1308 2995 1396 3048 aetas

427 3091 527 3154 Exosi
554 3093 634 3154 ritus
658 3103 689 3155 et
713 3104 759 3156 tot
783 3093 942 3156 suriantia
969 3113 1071 3156 saera.

515 3199 602 3276 Quid
628 3200 830 3263 Sinmssarei.
854 3199 932 3286 quid
957 3198 996 3261 ‹le
1022 3200 1147 3285 pietate.
1170 3197 1328 3267 Garbovi,

426 3303 542 3366 Vestra
560 3329 620 3390 ego
640 3327 895 3390 eommemorem,
920 3305 1064 3369 studium
1076 3304 1194 3392 quibus
1208 3316 1296 3368 astra
1307 3304 1455 3391 polusque

426 3410 468 3472 Et
492 3412 572 3474 eaeli
598 3424 702 3475 motus
726 3413 945 3498 gravibusque
969 3435 1140 3477 irrumare
1165 3412 1312 3475 morbis?

323 3535 393 3578 770.
516 3518 590 3596 Quo
615 3520 678 3582 ritu
705 3520 870 3605 saerisque
893 3520 1010 3606 quibus
1034 3530 1182 3583 teneatur
1205 3531 1236 3582 et
1260 3519 1327 3581 aris

426 3627 501 3691 Sive
526 3625 716 3690 Stanislaus.
741 3650 795 3689 seu
821 3627 935 3690 Petrus
961 3627 1127 3708 larziuse,
1151 3624 1246 3689 ambo

426 3734 576 3819 Insignos
600 3732 763 3819 (lignique.
787 3733 912 3796 Eduxit
935 3733 1043 3798 Gallia
1067 3735 1217 3819 primum,

424 3840 534 3907 Gallia
558 3863 710 3904 romanae
733 3839 808 3903 fidei
833 3841 1014 3904 cartusiam
1038 3840 1171 3916 cultrix3

427 3948 506 4011 Indo
531 3948 606 4012 lieet
631 3947 747 4009 diseas.
771 3949 922 4033 pietatem
946 3948 986 4009 iis
1010 3947 1139 4011 imbibit
1162 3950 1236 4013 oris

321 4076 392 4121 775.
429 4055 521 4118 Alter
546 4056 578 4117 ia
603 4055 748 4117 Ausonia
773 4054 894 4139 prinmo
919 4054 1114 4117 formaverat
1138 4077 1240 4118 annos

335 4154 337 4159 Α
428 4162 563 4225 Artibus
588 4162 737 4247 ingenuis
763 4162 963 4247 patriamque
986 4182 1135 4224 reversus
1160 4161 1200 4225 at]
1226 4175 1348 4228 arcton.

431 4334 439 4362 ¹
460 4336 497 4383 tu
518 4350 569 4396 rino
588 4334 657 4382 (ferus.
679 4332 782 4380 dissert.
804 4348 886 4383 meae.
907 4349 974 4396 qriae
995 4333 1010 4380 i.
1034 4334 1169 4396 ltoyayusa
1190 4349 1231 4397 pg.
1252 4332 1287 4383 ὸθ
1303 4356 1326 4375 =
1343 4332 1385 4384 90.

428 4422 439 4450 '
458 4425 574 4486 Apparet
594 4422 681 4485 regios
701 4438 757 4470 osso
778 4421 901 4470 medieas.

429 4511 438 4539 ³¹
458 4513 571 4560 Exstant
580 4511 726 4575 singularia
735 4511 768 4560 ad
777 4512 884 4560 Barzios
896 4513 995 4576 scripta
1007 4528 1020 4561 a
1035 4512 1131 4575 Itos-zio
1142 4512 1270 4563 cannina.
1282 4510 1455 4563 Cons.vol.1L
