3016 5310
456 493 661 531 rmrnnunuruu
679 495 831 530 arorsuusor
849 497 869 530 u
890 496 922 530 rr
941 496 1071 531 rursusne.
1286 479 1329 546 53
1352 468 1356 475 ⁵

1228 568 1329 576 ..ι-...ι

294 690 452 757 Immittat
476 712 634 774 sacroque
655 690 819 757 humectat
842 690 975 756 flumine
999 692 1155 776 erinem13

295 797 383 864 Hine
406 796 525 863 deinde
546 797 678 863 heroem
702 808 737 862 ut
760 798 914 863 Lituania
936 808 1003 863 tota
1027 810 1147 886 seeuta,

293 905 374 970 Eius
399 927 483 989 quae
504 906 677 991 imperium
699 905 911 992 dominasque
934 904 1058 971 ferebat
1081 905 1224 972 habenas

294 1014 396 1078 Laeta
418 1022 517 1099 eaput
541 1013 642 1077 saeris
665 1014 785 1078 umeris
808 1023 903 1078 tenus
924 1013 1043 1078 inferat
1067 1013 1172 1099 undis,

252 1172 259 1185 .
293 1119 455 1207 Falsaque
479 1119 668 1184 numinibus
691 1131 866 1187 commutet
889 1121 1024 1184 numina
1047 1121 1141 1186 veris.

293 1227 345 1292 En
368 1237 501 1292 sanetae
524 1227 625 1293 silvae
648 1238 679 1292 et
702 1227 786 1292 lueis
809 1250 941 1292 nemora
964 1227 1030 1291 alta
1052 1228 1232 1316 profundis,

292 1336 379 1399 Ante
401 1333 591 1400 colebantur
613 1357 731 1421 magno
755 1358 837 1421 quae
859 1335 966 1421 gentis
989 1333 1118 1421 honore,

292 1441 392 1508 Ferro
414 1442 635 1508 exainduntur
657 1441 848 1528 sublataque
871 1441 986 1506 robora
1009 1441 1099 1506 eaelo

292 1552 484 1638 Aequantur
505 1551 652 1636 praecisa
676 1549 754 1631 solo;
778 1549 843 1613 ruit
866 1559 939 1614 aeta
963 1550 1095 1635 seeuris,

250 1708 257 1723 .
292 1657 505 1744 Alitunmque
529 1656 650 1742 domos,
672 1679 756 1744 quae
779 1678 906 1721 summa
929 1656 1102 1721 oaeumina
1125 1667 1256 1722 servant

290 1764 409 1829 Aeriae
433 1764 543 1848 silvae,
565 1765 660 1829 terris
683 1762 823 1828 ostendit
846 1763 974 1850 apertis.

291 1873 460 1958 Apparent
484 1893 613 1936 nemore
636 1873 670 1935 in
694 1893 812 1957 magno
836 1869 965 1935 stabula
987 1870 1053 1935 alta
1076 1871 1219 1936 ferarum
1230 1877 1251 1956 ²,

290 1977 391 2042 Haud
415 1977 552 2043 canibus
574 1988 697 2043 tentata
720 1977 796 2042 olim
820 1989 876 2042 aut
899 1977 1070 2043 venatibus
1094 1977 1178 2063 ullis,
1276 2058 1278 2063 y

290 2082 411 2150 Omnia
435 2108 519 2170 quae
541 2084 614 2150 loaa
637 2095 750 2150 sanata
771 2084 933 2171 tenebant,
956 2084 1080 2151 eredita
1104 2095 1225 2151 saneta.

249 2242 256 2256 .
291 2192 356 2258 Hie
379 2214 502 2280 angues
526 2192 628 2279 divos,
651 2216 731 2279 quos
754 2192 912 2257 barbarus
935 2204 1010 2257 ante
1031 2203 1164 2278 penates

288 2299 444 2386 Credidit,
466 2301 630 2386 exstingui
654 2300 779 2383 videas3
802 2300 848 2365 nil
871 2299 966 2364 sibila
988 2311 1123 2387 prosunt

289 2406 356 2473 Ora
378 2418 434 2472 aut
457 2406 586 2472 vibrata
609 2409 740 2472 sinuosa
763 2407 929 2472 volumina
953 2406 1071 2489 cauda,

289 2516 387 2602 Aspis
409 2514 500 2579 humi
525 2517 609 2580 iaeet
631 2516 791 2580 exanimis
815 2514 903 2579 mille
926 2513 1042 2578 obruta
1065 2515 1163 2599 saxis,

287 2622 376 2687 Diva
398 2621 502 2707 mod0,
526 2644 697 2686 numerum
721 2622 869 2687 divorum
894 2621 1051 2686 altaribus
1074 2621 1197 2686 auxit⁸.

246 2779 253 2793 .
288 2729 388 2817 Ignis,
412 2730 477 2816 qui,
501 2753 647 2793 summus
670 2731 775 2814 gentis
799 2728 887 2813 deus,
910 2728 1032 2793 arduus
1056 2728 1120 2794 alto

286 2835 418 2901 Vertiae
441 2837 594 2922 surgebat
617 2836 820 2924 flammisque
844 2835 1042 2900 undantibus
1065 2858 1161 2901 auras

286 2943 448 3028 Aeternus
471 2943 630 3030 pulsabat,
654 2944 700 3028 iit,
725 2945 898 3008 restinctus
922 2966 1025 3030 aquae
1048 2944 1081 3007 vi

287 3051 446 3138 Exiguae,
468 3052 502 3115 in
527 3049 679 3116 nebulam
703 3052 793 3115 fumo
817 3052 1012 3117 commixtus
1036 3073 1153 3115 amaro.

374 3158 496 3223 Rerum
520 3168 633 3224 auctor
656 3158 834 3246 mundique
858 3158 935 3223 olim
957 3159 1120 3223 nascentia
1144 3159 1242 3243 origo,

242 3316 249 3329 .
284 3267 445 3330 Aeternus
467 3266 559 3330 Deus
584 3287 677 3350 unus,
701 3266 788 3330 idem
810 3277 841 3331 et
864 3266 926 3329 tria
949 3266 1084 3329 numina
1107 3288 1194 3330 nexu

285 3372 478 3460 Tergemina
503 3371 677 3456 (humanus
701 3375 804 3438 nescit
828 3396 923 3460 quem
947 3371 1070 3437 solvere
1094 3395 1216 3455 sensus,

284 3478 360 3544 Non
382 3479 522 3545 uoluisse
546 3480 647 3565 nefas,
671 3479 876 3544 multandum
899 3490 1029 3566 perpete
1052 3481 1141 3564 vita),

284 3585 418 3651 Exactis
440 3596 488 3651 tot
511 3586 562 3650 dis
582 3585 711 3673 templis
735 3587 891 3651 suecessit
914 3597 946 3651 et
970 3587 1043 3651 aris.

283 3693 382 3758 Astra
405 3716 505 3758 manu
527 3703 694 3777 terrasque
717 3695 813 3780 gerit3
836 3695 977 3780 primum
1001 3694 1109 3759 omnia
1132 3703 1247 3757 nutum

183 3818 250 3863 aas.
283 3797 378 3864 Illius
400 3811 589 3887 exspectare
612 3812 704 3887 putes
728 3801 937 3887 hominesque
958 3802 1106 3887 ferasque

282 3905 411 3994 Resque
435 3909 544 3972 anima
568 3931 678 3972 cassas
701 3907 865 3994 stellisque
888 3910 1031 3995 potentia
1054 3932 1163 3995 regna.

282 4014 392 4098 Atque
414 4014 490 4079 inda
512 4020 724 4101 expressum⁴
747 4014 837 4099 nihil,
862 4038 903 4080 ex
919 4038 982 4101 quo
998 4015 1085 4080 haud
1101 4015 1226 4080 viribus
1243 4014 1318 4079 ullis

282 4208 374 4262 'Mea
396 4210 541 4272 „eriman“.

282 4295 293 4328 ¹
310 4300 342 4351 V.
360 4301 427 4352 Aen.
448 4301 494 4362 vl,
514 4298 574 4352 179.

281 4384 341 4439 'ln
360 4404 425 4440 roca
444 4387 556 4454 ‚‚divus“
576 4388 667 4439 ludere
685 4389 792 4440 ridetur
810 4389 886 4439 modo
906 4391 1067 4458 propriori,
1093 4390 1171 4441 modo
1196 4389 1317 4443 defuncti

180 4475 370 4543 eguirandam
389 4477 551 4544 usurpando.

277 4565 288 4597 ⁴
307 4567 372 4623 hiae.
392 4567 556 4640 ‚,preseum“.
