3016 5310
144 3682 170 3724 5.

575 470 778 506 carnusrrcsoa.
1188 456 1252 520 189

211 665 293 731 Cum
318 665 419 728 fratre
443 665 569 751 ae‹ptali
593 667 771 752 aspirimus
795 689 828 729 se
853 666 948 730 laude
973 666 1130 730 ferentem

211 773 413 858 Maioresque
438 794 512 835 suos
537 795 689 858 supuare
712 785 744 836 et
767 773 898 836 vincere
923 774 991 836 nit-i.

300 879 351 941 De
369 878 462 943 vobis
489 879 567 966 quid
593 904 652 964 ego
681 880 827 943 referam.
849 880 921 953 dut»,
945 881 1110 944 Larsoia²
1134 879 1251 966 pralon,

173 1038 179 1050 .
211 985 392 1050 Germani?
417 984 510 1049 fasee
533 1010 613 1073 quim
639 999 672 1050 ut
696 999 813 1050 natura
837 987 943 1050 eolore

210 1091 331 1165 Tinxit
356 1093 403 1156 sie
426 1093 539 1156 etalem
565 1106 675 1179 peetus
700 1094 840 1158 candore
865 1094 964 1157 nivali

210 1197 329 1262 Interit
352 1199 531 1286 studiisque
556 1199 670 1263 favens
695 1200 842 1286 iiuplerit
865 1200 1016 1264 honestis.

300 1304 355 1387 Te
378 1305 560 1389 Crizanovi,
584 1307 716 1393 eupiunt
743 1308 798 1369 rix
824 1308 968 1369 (artuino
995 1318 1113 1385 nostra,

209 1409 374 1475 Eduetum
398 1412 515 1475 studiis
540 1437 715 1478 musarum.
740 1414 887 1477 Adversa
913 1426 1043 1477 secutus

171 1568 178 1579 .
212 1517 264 1582 Sis
288 1517 364 1583 lieet
387 1531 470 1603 ante,
494 1533 566 1584 tuos
590 1522 657 1583 sisio
680 1545 743 1584 nou
769 1521 939 1584 admittere
964 1544 1086 1595 sensas

207 1623 300 1703 Quae
324 1649 388 1690 non
413 1627 575 1691 rotunleus
599 1627 693 1691 docet
716 1628 928 1713 observatque
952 1640 1091 1691 senatua.

297 1733 370 1796 Non
394 1734 637 1799 Grabovieius²
660 1735 753 1798 nobis
778 1735 919 1798 imlietus
944 1733 1054 1797 abibit.

208 1838 380 1924 Ingenium
404 1843 497 1906 euius
522 1842 633 1905 doetus
657 1842 811 1905 forniavit
835 1842 875 1904 ad
901 1853 986 1904 artes

207 1945 375 2033 Duleeque
399 1971 566 2013 musarum
591 1950 734 2013 studium
760 1961 884 2031 natura,
911 1947 1072 2034 oielosque

143 2079 145 2098 ·
169 2100 176 2112 .
210 2051 334 2115 Inserit
357 2052 458 2118 labris
482 2068 512 2119 et
537 2080 687 2119 amoenos
712 2055 820 2121 Suada
845 2055 978 2140 lepores.

296 2161 364 2225 Nee
389 2173 418 2225 te
443 2164 636 2247 transierim,
660 2163 816 2228 Staserri.
841 2161 965 2224 ronmla
989 2184 1093 2248 nuper

206 2266 417 2332 Temuentem
442 2291 543 2335 saera.
568 2272 743 2334 sttxonieus
767 2293 830 2355 quo
853 2281 883 2332 te
908 2268 1037 2354 impulit
1059 2291 1149 2332 error

207 2373 363 2460 ignarum
386 2378 572 2463 primaeque
597 2379 763 2441 ineautum
788 2376 903 2440 ardore
927 2377 1087 2439 iuventae.

206 2480 295 2544 Talis
317 2504 403 2559 eras3
428 2494 460 2545 at
483 2506 571 2548 nune
595 2483 637 2546 ad
661 2485 799 2570 pristina
824 2507 915 2547 saera
942 2505 1091 2547 reversus

168 2640 175 2652 .
208 2589 260 2671 Et,
285 2588 367 2652 male
390 2591 446 2676 qui
469 2592 572 2654 tenuit
596 2602 626 2654 te
649 2591 822 2677 qumidam,
845 2613 953 2653 errore
978 2589 1098 2672 aliae,

204 2694 286 2759 'Para
312 2696 416 2760 eultor
439 2698 560 2762 Romae
584 2722 626 2780 es
651 2722 748 2784 quam
776 2697 955 2786 Thybridis
987 2695 1098 2761 rreeola
1122 2694 1243 2759 nullus.

294 2804 337 2867 Et
360 2816 404 2886 tu,
428 2805 590 2868 Porlosei.³
616 2828 750 2891 propera
775 2805 952 2890 Patarique
976 2814 1108 2889 penates

205 2908 330 2995 Linque
355 2910 476 2995 volens.
500 2912 638 2975 Graium
662 2912 791 2995 fugiens
816 2910 870 2974 ubi
895 2911 1058 2973 iunximus
1083 2930 1173 2971 arma

204 3013 358 3080 Condidit
382 3020 528 3081 Antenor
553 3008 676 3081 eineres
701 3030 796 3103 atque
820 3040 892 3080 ossa
917 3015 1089 3101 sepulcro*

165 3171 171 3182 .
208 3121 303 3187 Adde
326 3124 385 3189 tibi
410 3127 522 3208 socios,
546 3149 626 3211 quos
650 3136 757 3188 tecum
781 3122 863 3187 laeta
889 3145 1036 3186 sanorum

203 3230 370 3295 Pieridum
394 3232 502 3295 studia
525 3244 678 3296 exercent.
700 3242 732 3294 et
757 3229 918 3316 Apollinis
943 3239 1037 3292 artes.

202 3339 306 3421 Ferte,
329 3340 402 3421 viri,
425 3340 549 3425 patriae
573 3361 629 3424 pro
656 3348 764 3400 vestra
787 3338 922 3423 quisque
948 3335 1045 3417 virili,

203 3445 330 3530 Altriri,
354 3469 450 3533 quam
474 3447 586 3532 poseit,
610 3467 715 3531 operm
737 3445 917 3508 saeeurrite
942 3440 1078 3529 templis,

203 3554 362 3618 llainrum
386 3577 464 3638 gaza
489 3553 664 3617 exstruetis
688 3552 865 3638 opilmsque
889 3551 1025 3637 piorum.

294 3659 402 3743 Paule,
427 3672 525 3742 tuam<¹
549 3659 735 3743 Cossrrlruei,
760 3658 922 3721 Varsoria
946 3655 1077 3719 laudem

205 3909 212 3937 ¹
233 3910 308 3960 Cons.
328 3926 352 3958 v.
372 3909 432 3961 alt.
455 3914 482 3959 ln
503 3912 564 3961 edit.
585 3920 767 3962 excusantem
790 3911 964 3967 „liaruseia“.

204 3998 215 4025 ²
233 4000 349 4063 (labryol
361 4001 505 4063 Grzyruala
519 4001 707 4061 (trabovieclri
722 4003 878 4065 capitaneus
898 3996 1063 4057 mlarieasis,
1077 3992 1239 4045 secretarius

143 4087 174 4150 is.
194 4088 312 4151 quiana
332 4091 538 4151 eurullusoelri,
559 4091 705 4140 cameliano
732 4090 855 4138 nakleusi
882 4105 897 4137 a
924 4085 1092 4150 ¹*igismuudo
1116 4086 1237 4146 Augusto

143 4175 210 4228 1563
229 4179 262 4227 ad
281 4195 371 4243 regem
392 4181 494 4228 llaaiae
514 4181 609 4228 inissas
624 4181 693 4228 inter
708 4188 847 4242 utrumque
861 4193 950 4242 regem
964 4175 1057 4225 foedus
1071 4169 1235 4223 conciliavit.

204 4265 320 4317 'Lucas
349 4269 472 4319 l'odoski.
501 4271 646 4318 eanonicus
672 4269 860 4329 cracoviensis,
886 4265 1053 4330 praepositus
1079 4258 1236 4327 gnesnensis

143 4357 300 4406 secretarius
320 4358 390 4421 regis
417 4375 439 4406 a.
469 4358 544 4408 tana.
576 4359 669 4423 Legati
696 4358 730 4406 ad
760 4366 885 4406 externos
913 4370 990 4420 reges
1018 4367 1126 4401 munere
1155 4363 1236 4411 saepe

143 4459 219 4507 apere
239 4446 347 4495 lunatas
367 4455 414 4497 est.

204 4533 211 4560 ¹
231 4535 337 4583 Patavii
357 4538 501 4587 seeundum
520 4539 660 4603 vulgatam
678 4537 848 4601 antiquitatis
868 4538 975 4585 famam.
