3016 5310
192 464 267 532 198
691 482 767 515 verm
789 481 873 516 noran

311 675 446 763 Saepius
470 688 501 741 et
524 699 628 764 parva
651 676 784 741 defletus
808 675 956 740 condidit
980 698 1073 760 urna,

310 782 353 849 Se
376 806 545 870 superesse
569 806 646 848 suae
670 782 785 867 lugens
809 783 1026 847 maestissima
1048 783 1133 870 proli

228 911 276 954 eo.
309 890 415 954 Mater
439 913 529 971 anus,
553 913 618 954 non
642 912 736 976 pesse
760 912 837 953 suae
860 899 892 953 et
915 900 1039 976 partem
1063 888 1185 955 addere
1211 891 1301 956 vitae.

401 996 505 1061 Multa
529 996 652 1060 caelant
675 996 797 1059 homini
822 995 945 1059 medias
969 1018 1021 1060 res
1042 997 1126 1060 inter
1146 997 1300 1083 agendam

311 1103 414 1191 Saepe
436 1104 663 1190 inceptantem,
687 1102 794 1166 meliri
818 1112 850 1167 et
873 1101 975 1166 multa
1000 1102 1173 1188 volentem,

309 1211 477 1296 Ignarum,
502 1210 578 1297 quid
604 1209 671 1273 fata
695 1221 818 1295 parent
841 1210 975 1296 inopina
996 1209 1072 1274 tulit
1095 1232 1192 1295 mors,

310 1318 418 1382 Unius
442 1340 574 1381 usuram
598 1316 684 1381 haud
709 1315 758 1379 illi
781 1315 900 1401 largita
923 1315 998 1381 diei.

269 1477 275 1489 .
310 1423 375 1503 Qui
400 1423 450 1487 bis
473 1423 577 1487 lustra
600 1423 712 1488 decem
736 1434 768 1488 et
792 1445 880 1487 seros
903 1433 1165 1510 praesumpserat
1187 1446 1297 1508 annos,

311 1530 409 1595 Hunc
433 1553 489 1616 spe
512 1531 584 1594 aevi
610 1540 741 1617 captum
766 1528 873 1593 media
897 1530 981 1594 inter
1005 1541 1118 1616 caepta
1142 1529 1273 1617 reliquit

311 1637 398 1721 Vita
422 1642 538 1722 atque¹
563 1648 726 1701 extremae
750 1635 954 1700 claudentem
979 1635 1104 1700 lumina
1127 1637 1216 1701 nocti

311 1744 489 1830 Praerupta
512 1743 675 1807 Lachesi²
697 1743 857 1807 fleverunt
881 1744 1018 1807 stamine
1041 1744 1140 1807 cives.

400 1850 460 1915 Ille
485 1851 584 1915 Asiae
606 1849 746 1914 domitor
769 1849 914 1934 Maceda
937 1850 991 1914 cai
1014 1850 1178 1915 iunximus
1202 1848 1289 1915 erbis

272 2010 278 2021 .
312 1958 440 2022 Parvus
464 1969 541 2041 erat
566 1959 688 2021 maiora
712 1957 807 2022 anuis
830 1967 863 2020 et
884 1956 988 2020 Marte
1012 1967 1152 2041 secutus,

312 2064 489 2129 Multorum
516 2065 619 2129 vict-er
642 2086 816 2147 regnorum
840 2074 871 2127 et
894 2064 1001 2148 gentis
1025 2063 1155 2128 abunde
1165 2068 1189 2130 ⁸:

312 2171 392 2259 Spes
415 2173 500 2236 inter
522 2194 631 2236 rerum
655 2195 799 2235 summas
821 2194 860 2236 ac
884 2169 997 2235 inclita
1022 2171 1110 2236 facta

313 2278 477 2344 Occubuit
501 2279 637 2361 invenis,
662 2290 888 2364 sceptrumque
911 2279 944 2341 in
969 2276 1024 2342 lite
1047 2277 1188 2365 reliquit.
1221 2324 1224 2329 ·

312 2385 467 2450 Audisset
489 2385 581 2468 fides,
606 2386 729 2448 utinam
752 2385 940 2450 exaudisset
964 2386 1086 2449 amicos
1109 2424 1153 2432 —

273 2543 279 2555 .
315 2492 472 2578 Coniugio
497 2491 666 2577 indulgere
691 2493 723 2554 in
748 2492 851 2578 primo
876 2491 954 2556 flore
977 2492 1129 2556 iuventae

313 2599 487 2663 Parmenio
510 2600 635 2662 monuit
658 2599 770 2682 bonus,
794 2597 874 2663 haec
898 2597 1074 2683 eademque
1098 2597 1253 2662 sedebant

314 2707 494 2792 Antipatr0‚
518 2717 550 2769 et
572 2728 708 2791 quorum
734 2703 846 2769 melior
871 2705 1029 2769 sententia
1053 2704 1176 2768 ruenti⁴
1201 2742 1243 2751 -

313 2813 541 2878 successorem
565 2813 663 2876 Asiae
687 2823 718 2876 et
741 2822 922 2876 tercentum
946 2822 1049 2876 marte
1073 2810 1218 2876 subactis

312 2920 476 3005 Liquisset
499 2918 640 3006 populis3
665 2941 725 2982 nec
749 2930 793 3003 tu,
816 2918 1017 3002 Macedonia,
1040 2917 1160 3001 fleeces,

272 3078 278 3090 .
313 3026 514 3091 Conversum
539 3026 700 3112 aspiciens
724 3024 822 3090 civile
845 3026 879 3089 in
904 3025 1031 3090 viscera
1055 3023 1176 3090 bellum
1189 3028 1209 3108 ⁵,

311 3132 433 3197 Infelix
456 3134 562 3219 patria
584 3132 645 3196 hoe
670 3155 742 3216 unc,
765 3131 851 3218 quod
875 3131 981 3196 defuit
1002 3131 1095 3197 heres

312 3239 402 3304 Talis
426 3239 624 3313 Alexandra,
647 3238 753 3325 qualis
777 3238 840 3303 fuit
862 3237 918 3303 illc
941 3237 1100 3324 Philippo.

310 3348 455 3434 Impiger
478 3369 517 3410 ac
540 3347 678 3429 iuvenis,
702 3345 785 3409 dura
809 3344 850 3409 ad
875 3346 1053 3410 certamina
1076 3355 1173 3409 natus

313 3455 357 3518 Et
379 3477 481 3537 grave
505 3454 618 3516 martis
643 3475 732 3538 epus,
755 3452 838 3517 fidas
863 3452 1033 3516 admittere
1057 3474 1155 3516 voces

271 3613 277 3625 .
312 3560 433 3643 Noluit,
456 3561 691 3647 impatiensque
714 3583 832 3637 merrae,
856 3559 950 3643 bella
975 3558 1107 3623 horrida
1131 3558 1242 3623 bellal>

312 3669 467 3751 Excrsua
491 3668 583 3730 varic
607 3667 671 3731 late
695 3689 764 3731 sese
789 3666 898 3730 intulit
920 3665 1003 3729 hosti

311 3773 483 3858 Fervidus‚
506 3785 538 3837 et
561 3774 670 3859 regnis
694 3772 818 3837 addens
842 3796 928 3837 nova
951 3795 1052 3859 regna
1075 3773 1219 3859 paternis

313 3881 467 3964 Plurima,
492 3892 654 3944 tantarum
679 3880 785 3944 medic
810 3880 843 3943 in
868 3879 1033 3944 molimine
1056 3901 1164 3944 rerum

313 4094 321 4123 ¹
342 4095 411 4144 Edit.
435 4102 508 4149 „ac“.

312 4181 322 4211 ¹
342 4184 453 4233 Videtur
472 4198 530 4232 esse
549 4182 656 4231 dativus
676 4196 762 4231 casus.

313 4271 323 4301 ³
342 4273 466 4337 suspicor
485 4272 614 4335 ltoyzium
633 4278 680 4320 ant
700 4271 852 4334 „gentium‘
875 4276 921 4319 aut
945 4269 1098 4332 „abundae‘
1121 4268 1266 4334 scripsisse.

315 4363 325 4390 ⁴
346 4362 494 4428 Vergilium
514 4361 641 4425 sequitur.

312 4450 322 4479 ⁶
343 4454 418 4502 l'cns⁴
442 4455 540 4502 Lucan.
561 4452 652 4501 Pham.
673 4452 693 4509 Ι,
712 4449 736 4499 3.

312 4541 323 4568 '³
343 4544 422 4608 Vcrg.
442 4545 506 4591 Aen.
528 4542 572 4603 Vl,
592 4539 634 4591 86.
