3016 5310
178 449 242 541 {28
259 535 262 538 ,
343 535 364 539 -

655 466 731 498 ΙῚΣΤΒΙ
752 466 837 499 ΗΟΥΖΙΙ

202 681 249 723 aa.
281 658 457 725 Aethereas
481 660 633 746 repetisse
659 660 770 723 domos
795 659 952 724 stellantis
973 659 1117 748 Olympi,

284 767 484 830 Tarnovium
507 777 661 851 nostrum,
685 790 748 854 qun
771 789 908 852 regnum
934 768 1051 853 sospite
1076 790 1186 853 saepes

286 873 420 959 Semper
441 886 519 958 erat,
543 874 628 961 qnod
653 874 797 938 consiliis
821 875 970 960 rexitque
992 874 1132 960 tulitque

285 981 455 1067 Tanquam
479 981 630 1047 humeris.
653 980 777 1063 similis,
801 980 882 1045 eaeli
908 981 962 1065 qui
988 983 1127 1045 sustinet
1150 1004 1253 1066 axem,

284 1087 428 1151 Atlantis
452 1087 534 1151 duri.
565 1088 661 1167 Quod
685 1087 765 1150 diris
791 1086 956 1151 Hannibal
981 1087 1080 1151 Afris:

205 1215 252 1256 ιο.
285 1194 394 1279 Scipio
416 1195 580 1277 Romania,
604 1207 733 1258 nestrae
757 1195 938 1257 Tarnovius
964 1193 1058 1258 heros

287 1300 466 1366 Sarmatiae
490 1302 560 1365 suit.
593 1303 657 1366 Hie
681 1301 805 1365 (luctul
829 1302 1005 1365 conterruit
1027 1300 1145 1379 hortea

287 1407 388 1492 Signa
411 1409 530 1472 referre
554 1407 685 1471 demum
709 1430 887 1494 panemque
909 1429 1002 1472 erare
1025 1410 1141 1492 coegit.

287 1513 350 1578 Seu
374 1514 527 1579 Moschus
551 1516 651 1578 vastis
673 1514 737 1579 late
761 1537 794 1578 se
818 1513 903 1577 fudit
926 1515 960 1577 in
985 1515 1081 1599 arvia,

286 1620 445 1685 Attollens
470 1622 594 1685 animos
618 1622 707 1686 eaelo
730 1621 893 1708 fandeque
918 1621 1060 1708 superba

206 1748 251 1790 cn.
283 1728 423 1814 Imperia
446 1751 611 1811 exercens,
635 1751 691 1793 seu
716 1729 808 1793 fortis
832 1728 917 1793 bella
940 1728 1109 1793 Valaehus

286 1834 419 1898 Mulitur
441 1837 619 1922 east-risque
643 1836 780 1900 admotis
805 1835 955 1900 turbidus
979 1837 1087 1919 instat,

287 1943 396 2005 Ausus
420 1965 514 2029 agros
538 1943 644 2008 subito
667 1943 814 2030 populari
839 1943 940 2007 milite
964 1954 1102 2006 nostros:

286 2047 426 2113 Nomine
449 2051 603 2114 Tarnovii
628 2050 739 2114 audito
763 2073 797 2115 se
821 2051 855 2113 in
879 2060 986 2114 eastra
1010 2049 1140 2136 recepit.

289 2154 352 2218 Hie
376 2155 416 2218 ad
442 2155 657 2220 Obertinun1²
681 2179 714 2221 se
737 2158 861 2221 vietum
885 2168 916 2220 et
939 2157 1045 2221 Marte
1068 2155 1239 2220 subactum

207 2284 254 2325 aa.
289 2261 551 2350 Haudquaquam
575 2263 694 2327 oblitus
718 2264 886 2349 plenisque
910 2263 1071 2327 cadavera
1095 2262 1227 2348 eampis,

286 2367 345 2432 Ille
369 2392 499 2454 memor,
523 2369 764 2435 Starodubeas³
789 2380 824 2434 ut
847 2392 961 2435 caesus
986 2368 1028 2432 ad
1052 2390 1144 2433 areee

287 2475 453 2561 Sanguine
477 2475 579 2540 multa
601 2499 659 2540 suo
685 2477 822 2541 foedarit
845 2478 958 2563 iugera
982 2477 1086 2540 fuso⁴.

286 2583 355 2646 Nee
365 2582 496 2670 Scytha,
509 2596 675 2669 promptus
684 2607 767 2670 equo
775 2584 989 2671 pharetraque
999 2605 1143 2671 arcuque
1150 2581 1314 2664 timendus,

286 2689 377 2754 Bella
401 2691 479 2775 fuga
503 2690 672 2775 meditans,
696 2693 819 2757 aversis
842 2693 961 2755 noxius
986 2693 1096 2776 amia,

205 2817 252 2859 aa.
285 2797 484 2861 Tarnovium
507 2809 653 2862 metuens
678 2821 737 2863 sua
761 2798 897 2864 eontulit
921 2799 1053 2884 agmina
1075 2820 1240 2885 praeceps,

286 2904 396 2967 Ausus
419 2905 571 2969 vietrieea
595 2906 681 2969 acies
705 2906 814 2969 excire
836 2905 978 2991 polonus.

375 3011 529 3075 Tarnevii
553 3012 644 3076 dolor
668 3013 778 3076 amissi
801 3023 929 3097 neate,
953 3012 1064 3077 inclite
1087 3019 1215 3076 tantum

286 3117 359 3180 Rex
380 3118 497 3203 tangit:
522 3128 624 3181 totum
646 3119 752 3204 tangit
776 3118 867 3183 dolor
888 3120 950 3183 iste
974 3127 1132 3203 senatum,

287 3222 388 3288 Cuius
411 3234 480 3287 erat
503 3235 627 3310 postte
650 3226 809 3312 princepe,
834 3247 890 3290 seu
913 3224 1000 3289 bella
1021 3224 1175 3311 gerenda,

205 3351 252 3393 eo.
284 3328 346 3395 Seu
371 3352 437 3416 pax
461 3331 546 3395 alma
570 3333 696 3417 animis,
719 3355 827 3397 rerum
850 3331 1078 3419 pulcherrima,
1101 3332 1195 3416 sedit,

287 3436 330 3500 Et
352 3436 475 3521 placuit
498 3438 582 3503 belle
606 3439 751 3526 duroque
775 3439 930 3504 absistere
954 3439 1058 3504 ferre..

288 3543 402 3622 Qualis
426 3557 496 3610 erat
518 3547 640 3611 Fabius
664 3548 828 3630 Remanis,
852 3545 1136 3633 Seipiove⁶eli1n,

287 3651 498 3739 Invictusque
523 3655 621 3717 armis
646 3664 677 3719 et
701 3653 815 3718 eadere
839 3654 968 3718 neseins
993 3651 1059 3736 ulli,

287 3758 418 3822 Troiani
443 3761 541 3845 pestis
563 3760 683 3847 populi,
706 3783 882 3846 generosus
904 3758 1059 3843 Achillea,

206 3887 252 3928 ee.
285 3864 400 3943 Qualis
423 3876 491 3931 erat
514 3867 639 3951 Neston,
662 3866 768 3965 qualis
793 3866 955 3931 facundus
979 3865 1095 3930 Ulixes
1107 3872 1128 3948 ⁸³,

290 4081 295 4107 ¹
316 4081 360 4130 Sie
379 4081 405 4129 in
426 4080 548 4130 omnibus
568 4080 651 4131 libris.

289 4167 346 4218 Ἀ.
370 4167 445 4220 1531.

289 4258 298 4284 ³
317 4259 436 4323 Uterque
455 4258 523 4309 liber
541 4266 643 4310 matun:
665 4258 906 4319 „Staradubaeae“.

288 4347 298 4375 ⁴
317 4352 347 4397 Α.
370 4346 446 4398 1535.

288 4435 298 4463 ⁶
316 4436 387 4487 Edit.
408 4438 493 4487 Creu:
515 4437 681 4502 „senonen

287 4525 298 4552 ⁰
316 4525 389 4578 libri:
410 4527 555 4593 „Uliasee“.
