3016 5310
316 430 383 496 aaa
793 443 986 477 ennam·

363 661 390 705 a.
422 638 553 705 Securis
577 638 702 725 agitare
723 637 800 703 lieet
823 646 999 723 noctesque
1021 636 1155 724 diesque

477 744 632 813 Sontibne
655 754 687 810 et
710 754 840 811 sanctes
863 767 898 811 ue
920 753 1071 830 reputare
1093 766 1175 829 reos,

424 852 515 932 Quos
537 851 660 916 violare
683 850 776 916 nefas
799 861 831 916 et
854 871 985 916 earcere
1008 848 1162 915 claudere
1185 871 1293 936 caece,

477 958 665 1045 Cogercque
687 957 837 1023 astrictos
860 956 1015 1044 compede
1039 956 1124 1022 ferre
1147 956 1256 1044 pedes,

425 1067 532 1152 Atque
555 1087 671 1129 manue
695 1064 833 1129 manicis
855 1073 888 1128 et
910 1063 1030 1129 vinclis
1053 1062 1136 1128 colla
1159 1063 1310 1151 trucique

344 1196 391 1237 10.
474 1171 565 1251 Quas
588 1171 655 1236 edit
679 1181 788 1235 custos
812 1171 952 1236 carceris
976 1192 1030 1235 ore
1052 1171 1159 1235 minue
1170 1175 1191 1236 ¹.

427 1280 517 1344 Haec
541 1300 601 1343 cur
624 1277 809 1362 formident,
831 1278 975 1362 timeant,
998 1286 1195 1362 metuantve,
1218 1286 1348 1343 coercet

480 1385 514 1452 Si
538 1385 715 1450 maiestatis
739 1383 830 1449 nulla
854 1395 969 1449 catena
992 1384 1084 1449 rece?

865 1887 907 1954 15.

763 2065 798 2117 ln
818 2062 1010 2120 Ciefeldum'.

875 2224 900 2289 I.

425 2350 594 2415 Adversus
617 2372 728 2436 regem
751 2348 831 2436 quid
855 2349 918 2414 fert
941 2350 976 2414 in
999 2360 1129 2438 pectore
1152 2349 1277 2416 Olefel‘r
1301 2389 1345 2396 —
1370 2348 1422 2415 fel.

425 2459 574 2543 Auguste
596 2456 744 2543 gladium
768 2456 840 2522 vult
862 2456 949 2520 idam
973 2455 1102 2521 demere
1124 2457 1203 2543 regi.
1227 2494 1271 2503 —
1295 2457 1388 2542 regi?

425 2564 506 2649 Regi
529 2586 587 2650 pro
608 2563 750 2627 admiaac
765 2562 828 2627 hcc
843 2563 926 2628 latro
943 2563 1165 2650 castigabitur,
1182 2586 1224 2627 an
1240 2564 1457 2628 noni—non.

425 2670 507 2749 Quis
515 2680 665 2757 praestat,
674 2670 779 2734 scelus
789 2680 823 2734 ut
831 2669 973 2757 posthoc
981 2681 1156 2756 qucutcsac
1166 2671 1456 2756 superatesP-aea

366 2799 391 2841 5.
422 2777 512 2856 Ques
535 2778 651 2862 flectet,
674 2778 702 2841 si
726 2800 803 2840 mcx
826 2776 1011 2842 numerabit
1027 2777 1114 2842 mille
1130 2776 1455 2842 telherosi-hercs.

423 2883 595 2968 Prcatabit7
608 2906 690 2971 quae
698 2883 862 2948 hominem
871 2883 1029 2969 absolvat,
1042 2884 1201 2949 sententia
1213 2884 1296 2948 tanti
1301 2884 1363 2947 ?—
1369 2884 1453 2949 tanti.

424 2991 578 3057 Criminis
602 3013 679 3076 ergo
703 3013 777 3055 reus
801 2991 920 3054 summi
943 2991 1123 3077 impunitus
1147 2990 1271 3055 abibit?
1287 3029 1332 3038 —-
1350 2990 1454 3056 ebibit.

424 3098 560 3184 Cogitur
582 3096 645 3162 hoc
668 3097 775 3162 scelus
799 3098 925 3183 etquis
948 3097 1086 3162 tolerare
1109 3097 1249 3162 nefasi³
1272 3136 1316 3145 —
1341 3097 1399 3162 faa.

867 3292 912 3357 II.

424 3418 485 3483 Ille
509 3417 661 3503 ratherus,
685 3417 783 3483 herus
807 3440 1001 3503 magnorum
1025 3419 1130 3483 victor
1152 3417 1315 3502 herorum,

478 3526 599 3591 Vimnc
623 3525 823 3609 absolvendi,
847 3548 922 3589 cum
945 3535 1144 3610 numeratur,
1166 3523 1340 3589 habett-
1356 3524 1458 3589 habet.

318 3688 525 3695 ——u—

426 3791 435 3820 ¹
454 3793 531 3842 Haec
549 3793 630 3856 paulo
649 3792 741 3843 durius
761 3795 913 3843 reseruntur
932 3794 1095 3845 adverbum
1117 3794 1228 3855 „ferre“.

425 3878 530 3931 ’Corn
551 3880 604 3933 180
622 3899 659 3948 aq.
679 3904 703 3924 =
722 3899 773 3931 oea.
792 3880 826 3933 51
846 3899 884 3946 aq.
911 3884 988 3934 Haec
1006 3883 1142 3947 pertinent
1162 3883 1196 3932 ad
1214 3881 1242 3933 id
1260 3888 1367 3948 tempus
1380 3883 1456 3933 eomi-

318 3971 415 4020 ticrmn
439 3970 639 4033 inminentium,
671 3987 722 4036 quo
751 3972 833 4038 legati
860 3973 1058 4022 Gedenenaium
1085 3986 1169 4022 cauae
1191 3971 1265 4023 dicta
1289 3970 1457 4023 condemnati

319 4065 399 4123 atque
418 4059 446 4109 in
465 4075 600 4111 carcerem
620 4061 735 4111 coniecti
754 4068 824 4112 eunt.
857 4061 1033 4126 Divulgatum
1052 4076 1109 4111 ease
1129 4067 1185 4110 tum
1205 4059 1321 4123 videtur,
1348 4061 1376 4112 in
1395 4057 1459 4126 qnod

317 4163 411 4212 reapse
431 4149 534 4199 iactum
553 4155 601 4211 eet,
621 4150 686 4213 sore,
706 4156 736 4199 ut
754 4149 838 4215 legati
857 4150 972 4200 vinculis
991 4150 1072 4200 uoluti
1090 4149 1237 4200 incolumen
1252 4149 1363 4201 demum
1374 4149 1458 4200 dimit·

319 4243 446 4287 terantur.

431 4323 441 4354 ⁸
461 4328 588 4377 Versibus
614 4328 777 4378 hexametris
802 4327 956 4393 adiungitur
980 4328 1036 4379 siue
1062 4327 1158 4378 idonea
1182 4342 1267 4379 causa
1291 4333 1458 4392 pentameter.

322 4417 382 4465 Hoc
401 4416 519 4466 carniine
539 4416 652 4481 singulis
671 4417 792 4466 versibus
812 4417 1001 4468 adscribuntur
1020 4432 1155 4483 responsa,
1175 4417 1260 4468 altero
1273 4433 1336 4467 vero
1353 4415 1459 4482 singulis

322 4504 453 4555 distichis.
