3016 5310
1188 437 1255 531 aar

157 670 183 712 c.
215 648 344 733 Utilior,
367 648 479 734 gravis
504 658 536 712 at
559 647 676 734 glunic
699 657 875 733 gratusque
898 647 1018 734 pijanis
1032 652 1051 711 1.

218 756 261 820 Et
285 756 312 819 si
336 756 415 819 vina
437 753 575 841 placent,
600 776 697 818 curru
723 764 798 818 sunt
822 755 900 818 vina
924 753 1086 835 vehenda3

218 863 293 926 Nou
317 863 436 927 etenim
460 861 624 948 najdziesz
648 861 783 946 drogum
808 860 923 925 venale
946 882 1004 947 per
1027 884 1164 946 omnem,

217 968 280 1033 Vel
304 967 506 1054 ladajakum‚
530 969 680 1054 quamvis
705 969 749 1031 sis
772 969 842 1054 ipse
865 977 1011 1052 gotowus

218 1075 283 1139 Pro
305 1074 439 1140 totidem
462 1073 587 1161 kroplis
610 1074 744 1138 totidem
768 1096 939 1139 numerare
963 1074 1139 1159 szelag0s2.

157 1204 183 1246 s.
215 1181 311 1261 Quod
336 1183 363 1245 si
387 1181 577 1245 szklanioa³
608 1181 706 1267 deest,
736 1180 827 1246 kuflc
852 1180 1075 1247 dzbankowe⁴
1103 1181 1258 1269 plugawe

216 1290 285 1352 Aut
308 1288 478 1374 okupciala
502 1289 645 1352 musisz⁵
668 1299 778 1376 potare
801 1287 973 1373 konewkn

216 1396 269 1459 Ex
293 1419 357 1481 qua
381 1394 594 1459 smerdewie⁶
616 1395 711 1460 modo
734 1405 887 1482 potavere
910 1395 1055 1485 mudyki.

216 1501 350 1589 Czapka
373 1503 432 1567 tibi
456 1525 515 1589 pre
538 1501 693 1567 liehtarzo
717 1525 871 1590 persaepe
894 1501 1033 1567 locanda
1056 1513 1113 1587 est,

216 1610 284 1673 Aut
308 1632 388 1696 opus
412 1620 460 1673 est
483 1614 601 1673 nodum
624 1608 705 1673 tales
728 1609 869 1694 defigere
892 1611 927 1673 in
951 1633 1039 1674 usus.

154 1739 180 1781 0.
216 1715 256 1779 ln
280 1717 393 1780 scians
416 1739 571 1781 mensave
595 1715 698 1780 solent
721 1739 847 1803 quoque
870 1739 988 1804 ponere
1011 1716 1144 1803 quidam

216 1823 267 1887 Ex
291 1828 390 1887 riano
414 1823 529 1888 chlebc
553 1822 703 1887 sztukam
726 1847 757 1886 w
779 1823 946 1910 potrodku
971 1822 1137 1887 forataml.

216 1930 249 1995 Si
274 1929 377 1995 deerit
400 1929 530 2017 poscicl,
555 1929 721 2017 praebebit
744 1930 848 1995 sloma
870 1930 1056 2016 grabatum3

214 2037 277 2101 Pro
301 2036 384 2102 lecto
407 2038 468 2102 tibi
490 2036 575 2101 lawa
598 2037 690 2101 dabit
712 2037 897 2102 distendere
920 2059 1047 2124 corpus.

215 2142 311 2223 Quod
336 2144 363 2207 si
388 2143 492 2229 frigus
516 2145 586 2228 erit,
610 2166 728 2208 enama
751 2143 924 2209 recubabis
947 2146 981 2209 in
1004 2143 1087 2228 iuba,

155 2271 181 2314 s.
213 2250 316 2336 Inque
339 2250 393 2314 die
416 2273 529 2316 cernes
553 2261 681 2315 noctem
705 2251 848 2338 undique
871 2262 902 2315 et
926 2251 1069 2337 undique
1086 2250 1256 2340 dymum8.

216 2357 432 2443 Stertentique
454 2360 539 2423 inter
562 2357 692 2422 krewas
715 2368 906 2445 tenerosque
929 2357 1087 2438 cielatkos

214 2463 288 2528 Non
311 2464 370 2528 tibi
395 2488 491 2550 zegar
514 2487 607 2551 opus3
631 2465 725 2551 parvi
749 2487 825 2530 cnm
848 2477 950 2529 matre
973 2467 1137 2552 prosieta⁹

216 2570 391 2636 Excutient
415 2594 573 2655 somnum,
597 2573 747 2657 quamvis
771 2573 815 2635 sis
840 2574 908 2660 ipse
931 2571 1125 2637 kamienius.

213 2677 287 2742 Non
310 2679 370 2743 tibi
393 2677 544 2765 pluskwn
560 2678 681 2743 ciuium
697 2690 824 2744 noctem
839 2679 1038 2759 srnierdzaea
1053 2701 1254 2765 peromnem

152 2806 179 2848 ο.
210 2783 336 2849 Radere
361 2785 501 2850 cessabit
605 2785 774 2870 undique...
800 2800 933 2872 capanea
956 2785 1045 2850 bleda
1055 2790 1089 2850 ¹⁰.

151 2938 231 2945 -—--
248 2940 278 2944 ...

214 2996 223 3024 ¹
243 2998 295 3048 Hic
315 3015 407 3048 versus
426 2998 592 3048 desideratur
610 2999 638 3047 in
658 3007 734 3048 msto.
755 2999 819 3051 bibl.
839 2999 950 3049 crassin.

215 3083 315 3137 ’coru
338 3087 503 3152 „sela11g0s“.
528 3103 611 3138 crass.
632 3088 811 3151 „saelongos“.

214 3172 313 3226 ueoru.
336 3176 484 3239 „sklinea‘‚
504 3192 585 3226 crass.
608 3177 771 3237 „sbleuica“.

213 3263 223 3291 ⁴
243 3280 314 3315 corn.
337 3265 524 3327 „abaukows“,
544 3281 613 3330 quas
633 3268 718 3315 forma
738 3265 796 3329 ipsa
816 3265 952 3329 antiquior
971 3273 1019 3316 est.

213 3350 314 3403 “corn
338 3355 475 3414 „inussis“.

212 3444 223 3467 ‘³
241 3457 302 3491 mss.
324 3444 495 3502 sinierdewie,
515 3444 688 3493 inrisrdowic.

214 3528 291 3580 ³Vv.
313 3531 414 3583 18-21
441 3533 627 3582 desiderantur
652 3533 679 3581 iu
705 3548 795 3587 crass..
824 3549 865 3581 vv.
892 3531 998 3583 22--30
1022 3533 1253 3597 publicantium

151 3620 292 3671 aauiewski
312 3621 339 3670 iu
360 3623 428 3671 Hist.
449 3623 500 3671 litt.
520 3624 572 3686 pol.
593 3623 644 3672 vol.
666 3623 703 3672 VI
722 3639 766 3688 pg.
786 3620 840 3674 340
860 3638 890 3671 cx
911 3630 987 3673 msto.
1007 3639 1079 3672 cern.

212 3706 222 3735 ⁸
242 3726 313 3760 corn.
336 3711 475 3772 „dimuur'.

212 3796 312 3849 lcorn.
336 3800 485 3864 „prosicti“,
506 3816 586 3850 crass.
609 3800 785 3865 „prusienta“.

201 3884 223 3914 ¹⁰
242 3888 322 3939 Hune
342 3889 457 3939 auctoris
477 3889 533 3938 sive
554 3890 657 3939 scribac
677 3904 758 3938 manu
778 3890 893 3939 nonduin
914 3891 1061 3954 perfeetum
1081 3906 1188 3941 versum
1207 3907 1248 3941 se·

151 3983 194 4027 tur
222 3977 250 4026 in
278 3978 348 4026 muti.
375 3978 535 4027 auraicensis
565 3987 684 4027 extrema
710 3978 810 4043 pagina
836 3979 904 4028 alins
934 3979 1060 4029 carminis
1081 3979 1174 4030 titulus
1194 3980 1246 4031 hic:

169 4065 303 4116 bibulos“.
324 4069 354 4115 ln
374 4067 424 4117 hoc
443 4068 521 4116 titulo
541 4068 638 4117 desinit
656 4069 713 4132 ipse
728 4068 796 4116 liber
808 4075 900 4117 nutus.
921 4068 1011 4117 Verba
1024 4068 1161 4118 inclinatis
1176 4068 1252 4134 typis

152 4171 229 4206 ressa
248 4154 275 4203 iu
295 4171 366 4205 corn.
388 4156 472 4205 altera
492 4172 572 4206 rnauu
592 4158 729 4222 adscripta
748 4166 818 4209 sunt.
838 4157 1022 4208 desiderantur
1040 4157 1068 4205 in
1088 4157 1199 4207 erassin.

567 4371 615 4376 --r
647 4348 681 4400 ,ὄλ

207 4610 312 4650 Carmina
333 4612 359 4650 T.
376 4613 391 4649 1.
