3016 5310
790 445 867 479 raam
886 443 973 479 110?le

420 639 627 726 Calcatisque
650 637 765 725 opibus
788 636 909 704 Christi
932 659 992 701 sua
1015 636 1099 703 colla
1121 637 1268 703 volentes

420 745 595 813 Subiecere
618 747 703 831 iugo,
726 744 832 808 fumat
853 743 973 831 quibus
996 766 1053 809 ara
1075 745 1233 809 ministris

420 854 507 918 Ture
529 874 622 918 sacro
645 863 677 917 et
699 873 796 938 prece
818 861 973 938 perpetua
995 850 1145 938 pulsatur
1167 851 1340 942 Olympus.

419 958 475 1026 Sic
499 960 585 1024 servi
606 960 713 1043 Divis,
736 958 878 1043 Andrea,
901 968 933 1022 et
956 957 1094 1023 fortibus
1117 958 1206 1023 ausis

316 1090 384 1133 rao.
414 1067 525 1132 Rebus
549 1065 660 1131 adesto
683 1066 785 1131 sacris
807 1087 927 1151 magno
950 1074 1037 1130 otte
1059 1066 1194 1130 numine
1217 1065 1321 1150 firma,

419 1174 470 1239 Ne
493 1195 597 1237 novus
620 1174 741 1259 irrepat
762 1173 924 1237 Diuorum
948 1171 1105 1237 altaribus
1128 1171 1216 1236 ordo.

509 1280 639 1366 Aspice,
663 1301 746 1366 quae
768 1289 800 1343 te
823 1289 886 1344 stat
909 1280 1009 1344 series
1032 1278 1222 1365 longissima
1244 1279 1369 1344 circum

419 1389 608 1472 Doctorum,
631 1409 769 1473 quorum
792 1387 932 1472 ingeniis
955 1395 986 1451 et
1010 1385 1112 1451 divite
1133 1408 1219 1451 vena

419 1494 516 1561 Clara
539 1503 643 1580 potest
664 1493 751 1558 latiis
773 1492 1025 1579 haudquaquam
1049 1491 1164 1558 cedere
1186 1492 1281 1558 terris

317 1623 385 1666 res.
420 1601 581 1667 Sarmatia
604 1599 841 1687 implicitosque
864 1599 958 1664 malis
981 1599 1145 1665 erroribus
1169 1598 1261 1665 urbis

420 1708 538 1772 Hostes
562 1730 714 1772 romanae
737 1728 890 1771 revocare
912 1707 946 1770 in
969 1707 1106 1792 pristina
1126 1716 1159 1771 et
1182 1706 1296 1791 almas,

420 1814 510 1893 Quas
533 1836 621 1879 nunc
645 1824 865 1897 contemnunt,
887 1815 1037 1879 venerari
1060 1814 1207 1900 protinus
1231 1835 1315 1877 aras.

504 1922 634 1986 Primus
657 1920 748 1985 adest
772 1921 913 2007 Spotus‚l
936 1920 1065 2007 pietatis
1089 1920 1194 1986 cultor
1216 1921 1333 2005 avitae,

418 2029 563 2093 Antistes
586 2028 714 2114 Spotus‚
736 2050 800 2114 quo
822 2026 911 2090 haud
935 2026 1084 2092 Sarmata
1107 2027 1252 2093 creditur
1274 2025 1361 2091 ullus

317 2156 385 2199 rao.
420 2134 572 2201 Sanctius
595 2133 723 2200 excelsa
746 2134 851 2199 colere
874 2133 940 2199 alta
963 2134 1084 2220 palatia
1106 2135 1238 2200 Romae.

507 2242 652 2328 Irnpigro
675 2241 734 2306 has
757 2252 864 2328 partes
888 2242 1004 2326 studio,
1035 2264 1125 2306 mora
1152 2240 1252 2325 nulla,
1282 2240 1451 2326 Philippus

417 2350 635 2434 Padnevius²‚
659 2372 778 2435 magno
801 2372 951 2414 verorum
976 2371 1133 2415 accensus
1157 2371 1266 2414 amore

419 2456 601 2542 Sacrorum,
624 2457 786 2541 desendet,
809 2480 902 2544 opem
925 2457 1050 2521 laturus
1073 2467 1105 2521 et
1128 2478 1256 2521 omnem

418 2564 558 2628 Eximiis
581 2586 711 2650 operam
736 2564 852 2629 studiis
876 2574 975 2647 atque
998 2587 1053 2628 ore
1076 2563 1224 2629 rotundo.

315 2692 383 2736 ras.
507 2672 590 2755 Non,
613 2672 707 2736 Petre
730 2672 868 2736 Misceri
879 2676 900 2756 ³,
927 2680 963 2736 tu
987 2671 1059 2734 aliis
1083 2693 1148 2734 non
1171 2670 1301 2756 segnior
1323 2669 1390 2734 ibis

418 2779 487 2842 Hos
511 2789 632 2863 contra,
655 2779 711 2864 qui
734 2780 851 2842 animis
874 2777 1045 2843 hostihbus
1070 2799 1172 2863 usque
1192 2776 1353 2841 tumultus

416 2885 481 2950 Ore
505 2886 591 2950 ciant
614 2886 728 2949 rabido
751 2908 948 2971 romanaque
971 2885 1091 2971 templa
1114 2884 1287 2950 lacessunt.

416 2991 604 3058 Contundes
628 2992 733 3075 dictis
757 2993 970 3079 nequeenim
992 3003 1079 3056 terra
1101 2991 1180 3056 itala
1203 2992 1325 3057 frustra

417 3098 542 3163 Eduxit
564 3108 610 3163 tot
633 3110 664 3163 te
687 3098 852 3185 quondam
874 3099 1049 3186 docuitque
1071 3122 1129 3186 per
1152 3121 1255 3163 annos

312 3226 382 3269 soa.
417 3205 586 3269 Musarum
610 3206 718 3269 studia
740 3205 882 3270 illustros
904 3216 936 3272 et
957 3205 1120 3292 Apollinis
1143 3216 1237 3271 artes.

417 3313 490 3376 Hoc
513 3314 641 3397 generis
665 3314 838 3400 stirpisque
860 3324 945 3399 tuac,
968 3336 1031 3400 quo
1055 3312 1173 3378 clarior
1195 3334 1283 3378 esses

416 3418 622 3505 Ornarcsque
644 3421 718 3506 pius
741 3420 872 3485 lecheae
895 3422 1027 3485 nomina
1050 3421 1166 3507 gentis,

416 3526 608 3610 Natalisque
630 3529 678 3591 tui
701 3527 824 3614 placuit
848 3528 1065 3614 superaddere
1088 3527 1204 3592 famae.

418 3706 425 3734 ¹
446 3712 488 3773 Sp.
509 3708 637 3771 Andreas,
657 3709 772 3772 episcop.
792 3708 961 3770 laodicensis,
981 3709 1149 3773 suffragantis
1163 3724 1278 3772 cracow,
1298 3709 1383 3758 abbas
1396 3723 1450 3757 rno-

309 3796 419 3861 gilensis
439 3804 465 3846 et
484 3796 672 3861 wqchocensis.
704 3797 819 3860 Royzius
843 3797 984 3861 dignitatis
1003 3798 1094 3847 ordino
1114 3797 1265 3848 sacerdotes
1288 3796 1342 3857 (vv.
1365 3796 1446 3849 188-

308 3883 379 3947 aaa,
398 3887 560 3949 professores
580 3886 734 3935 academiae
753 3885 896 3949 doctosque
916 3887 986 3935 viros
1006 3886 1151 3937 Cracoviac
1175 3886 1248 3936 urbis
1266 3886 1446 3951 dioecedsqua

307 3970 360 4037 (rr.
380 3973 532 4039 235-285)
551 3975 678 4023 nominat.

414 4060 425 4089 ²
444 4063 491 4113 Ph.
511 4063 681 4114 Padniewshi
700 4072 755 4115 turn
771 4065 895 4129 temporis
908 4064 1113 4115 archidiaconus
1132 4064 1323 4128 cracoviensis,
1341 4082 1366 4116 a.
1381 4061 1452 4116 1559·

306 4151 544 4203 vicecancellarius
574 4154 659 4217 regni,
684 4170 708 4202 a.
735 4152 804 4205 1560
829 4154 968 4218 episcopus
994 4153 1184 4218 premislisnsis
1209 4153 1355 4218 eodemque
1379 4167 1447 4205 anuo

307 4249 366 4305 post
384 4257 429 4291 sex
449 4257 551 4290 meuses
572 4242 709 4307 episcopus
729 4243 916 4292 cracoviensis.

414 4328 536 4380 3Ριιιιιι
566 4331 752 4394 Myszhowshi‚
772 4331 913 4395 paduanae
942 4331 1096 4383 academiae
1115 4332 1249 4394 alumnus,
1272 4332 1319 4397 qui
1345 4338 1400 4383 turn
1420 4332 1447 4380 in

304 4417 367 4468 aula
387 4420 456 4484 regis
481 4421 641 4469 versabatur
666 4429 693 4470 et
718 4437 759 4471 aa.
781 4419 958 4472 roco-1566
976 4420 1154 4472 cancellarius
1179 4421 1256 4487 regui
1274 4420 1336 4471 fuir.
1364 4419 1444 4472 Coad-

303 4508 375 4557 iutor
394 4508 473 4572 episc.
493 4507 624 4572 plocensis
644 4511 732 4559 factus
751 4516 792 4560 cst
810 4525 835 4560 a·
856 4508 935 4573 1564,
954 4511 1093 4576 episcopua
1112 4525 1218 4563 cracov.
1236 4525 1261 4560 ιι.
1283 4508 1361 4561 1577.
