3016 5310
656 459 732 491 PllTlll
754 458 840 491 ltlJYle

286 653 373 717 Hinc
395 651 456 716 tibi
480 662 586 716 certus
610 652 680 735 erit,
703 651 840 737 populus
864 652 918 716 cui
942 660 1062 736 pareat,
1086 650 1209 733 haeres,

180 780 251 825 aas.
286 761 378 823 Aevo
401 760 465 822 alio
488 768 519 822 et
543 757 707 841 quondam
730 780 868 841 regnum
892 759 947 843 qui
970 768 1121 844 proroget
1144 759 1245 821 armis

288 866 512 951 Sarmatiaque
534 874 647 950 potens
671 864 735 930 late
758 864 942 928 dominetur
963 865 997 927 in
1022 865 1111 928 omni

287 972 392 1035 Trans
415 971 536 1035 Tanais
560 972 646 1057 ripas
669 970 768 1056 gelidi
793 981 823 1034 et
847 970 1009 1035 Maeotida
1032 971 1193 1035 Thetim“.

377 1079 521 1143 Finierat
545 1078 605 1141 fari
632 1079 765 1142 antistes
790 1078 1001 1164 fremitusque
1025 1087 1156 1142 secutus

288 1185 489 1251 Cunctorum
511 1186 536 1248 it
560 1183 659 1268 cael0,
683 1184 781 1248 colles
805 1184 946 1248 elamore
969 1184 1127 1249 resultant

247 1343 253 1354 .
290 1292 332 1354 Et
356 1291 439 1356 lacto
463 1291 571 1377 populi
597 1291 737 1374 fremitu,
761 1292 815 1377 qui
840 1290 999 1377 plurimus
1023 1312 1118 1375 agros

288 1397 472 1484 Complorat
495 1397 559 1461 late
583 1396 690 1460 studio
714 1419 851 1482 sponsae
875 1407 949 1461 ante
973 1396 1134 1461 videndae

286 1505 494 1590 Reginaeque
517 1526 628 1567 novae.
659 1504 798 1566 Turmas
822 1503 900 1588 quid
924 1513 955 1566 ct
979 1504 1110 1589 agmina
1135 1502 1266 1568 dicam?

289 1611 380 1674 Milia
403 1621 512 1696 totquc
535 1610 701 1674 hominum
726 1611 862 1695 gemmis
887 1633 1030 1694 auroque
1055 1611 1255 1694 micantium,

289 1717 389 1800 Milia,
414 1728 491 1803 quot
514 1741 578 1780 non
603 1717 814 1782 Sauromatae
838 1717 949 1782 vidore
972 1719 1103 1804 priores,

250 1875 256 1887 .
291 1824 404 1888 Tantis
428 1824 516 1888 culta
538 1823 654 1910 opibus
676 1833 831 1909 tantoque
854 1825 1013 1888 instructa
1035 1824 1174 1910 paratu?

290 1929 412 1995 Gazam
437 1952 565 1994 omnem
589 1930 679 1994 dicas
702 1941 861 1993 terrarum
885 1941 916 1994 et
939 1929 1050 1994 divitis
1074 1929 1161 1994 orbis

289 2036 493 2120 Congestam,
516 2059 682 2122 superesse
706 2036 796 2100 nihil.
827 2035 964 2101 Gemma
988 2036 1133 2122 undique
1156 2046 1188 2100 et
1211 2058 1326 2100 aurum

289 2143 535 2229 Argentumque
559 2144 651 2224 nitet3
675 2143 774 2206 micat
798 2142 941 2229 undique
965 2144 1098 2207 coccina
1122 2143 1225 2206 laena.

288 2248 455 2327 Quantum
479 2251 586 2336 prisca
610 2250 715 2338 Tyros
739 2250 946 2336 Cadmeaque
968 2251 1093 2314 murice
1117 2249 1220 2316 Sidon

248 2406 254 2418 .
289 2355 391 2419 Dives
416 2356 481 2440 alit,
504 2365 676 2443 nostroque
700 2356 875 2421 Valentia¹
899 2355 1016 2420 nobilis
1040 2379 1121 2420 aevo

289 2462 397 2525 Litore
422 2462 461 2525 ab
486 2463 623 2527 occiduo
647 2464 743 2527 mittit
768 2462 962 2549 Phoeboque
986 2462 1125 2545 cadenti,

290 2568 332 2631 Et
356 2590 438 2653 quac
462 2568 637 2654 depectunt
660 2569 708 2632 coi
733 2568 853 2632 vellera
877 2568 981 2650 Seres,

290 2675 382 2737 Miris
406 2685 494 2739 texta
518 2675 631 2758 modia,
655 2674 767 2738 molles
790 2675 916 2738 imitata
939 2674 1120 2763 corymbos,

292 2781 398 2847 Obvia
408 2784 430 2865 2,
454 2781 661 2845 maeandris3
683 2783 716 2844 in
741 2804 775 2845 se
798 2781 967 2846 redeuntia
991 2782 1093 2846 nexis.

250 2938 256 2950 .
292 2888 384 2951 Mons
408 2898 565 2974 quantum
589 2898 619 2952 et
642 2910 758 2951 uranus
776 2897 843 2951 arte
860 2887 969 2952 valent
985 2887 1193 2970 sollertiaque
1210 2887 1332 2972 audax,

291 2993 431 3059 Cernere
453 3005 529 3059 erat.
561 2993 703 3058 Pulchro
726 2994 788 3057 hoo
812 2996 964 3057 comitatu
989 2995 1115 3058 moenia
1140 2994 1283 3060 Gracchi

291 3101 479 3185 Ingreditur
501 3101 685 3167 Catharina.
718 3100 838 3165 Oculos
862 3101 915 3165 hic
939 3100 1023 3165 laeta
1047 3101 1171 3166 ferebat

293 3209 400 3294 Atque
424 3208 501 3271 illue
525 3208 617 3271 vultu
641 3218 672 3272 et
694 3208 986 3293 circumspectabat
1010 3209 1114 3273 amico

293 3314 428 3378 Plenam
452 3314 565 3378 urbem
588 3314 715 3399 populo,
739 3313 834 3378 celsis
858 3336 918 3379 nec
941 3335 1074 3400 parcere
1096 3315 1223 3378 tantist

252 3472 258 3485 .
295 3421 438 3484 Haerent
460 3421 637 3506 parictibus
661 3423 796 3486 iuvenes
821 3423 979 3507 tectisque
1002 3421 1182 3505 domorum,

292 3529 487 3592 Prensantes
511 3528 661 3592 manibus
684 3529 826 3592 trabium
851 3531 957 3614 capita
981 3550 1095 3614 aspera
1119 3528 1267 3593 aduncis.

293 3633 412 3698 Nullus
435 3635 469 3697 in
495 3634 574 3697 urbo
597 3635 697 3718 lucus,
721 3658 784 3720 qua
809 3658 843 3699 se
866 3636 928 3698 fert
951 3658 1076 3720 pompa,
1100 3635 1240 3699 vacabat

295 3740 493 3827 Spectatore3
518 3764 628 3805 omncs
653 3743 775 3806 intento
798 3742 921 3807 lumine
944 3742 1087 3828 gaudent

294 3847 486 3933 Flagrantes
511 3871 646 3934 sponsae
670 3847 780 3912 vultus
804 3849 1028 3935 radiantiaque
1052 3871 1109 3912 ora

184 3992 393 4000 -ι----

296 4069 304 4097 ¹
324 4072 445 4135 Regnum
464 4077 545 4133 atquo
564 4070 627 4118 urbs
647 4068 828 4118 meridionalis
848 4069 1004 4133 Hispaniae,
1024 4068 1117 4119 sericis
1135 4068 1274 4134 laneisque
1289 4086 1335 4121 ve·

187 4161 274 4210 stibus
294 4158 412 4210 texendis
433 4158 514 4208 clara.

297 4245 361 4297 'sc
382 4256 451 4297 sunt.

296 4334 399 4386 ³Conf.
429 4339 506 4403 Verg.
536 4340 601 4390 Aen.
631 4339 661 4397 V,
690 4336 750 4388 251..
781 4337 925 4387 Maeander
953 4346 993 4387 ost
1021 4338 1077 4387 lora
1104 4344 1239 4388 nostrum:
1274 4352 1335 4399 „aa—

188 4425 258 4493 qut,
278 4426 373 4492 splot“.

295 4516 305 4543 ⁴
324 4532 360 4566 sc.
380 4515 513 4581 populum.
