3016 5310
559 478 717 512 unanimo.
1094 461 1218 516 mut

56 671 310 735 constitutiones
333 669 492 735 ecclesiae
516 669 733 735 mednicensis
757 692 813 734 seu
839 669 1036 757 Samogitiae
1066 675 1213 739 contine-

56 775 158 861 bat2),
173 776 335 864 hodieque
349 777 510 864 Petropoli
526 778 612 842 inter
626 775 842 841 bibliothecae
859 776 1073 844 Zaluscianae
1089 781 1213 866 copias,

56 884 94 947 in
117 884 238 969 quibus
262 907 337 949 eum
361 884 543 948 Varsoviae
566 882 704 948 Ianocki
727 883 821 968 vidit,
848 883 1039 950 delitescere
1069 885 1209 951 videtur.

169 991 291 1056 Secuta
314 1001 390 1055 sunt
413 990 533 1055 deinde
555 1001 709 1076 tempora,
736 990 855 1076 quibus
877 1013 937 1056 rex
960 993 1088 1076 magnis
1111 1014 1214 1079 nego·

57 1098 115 1161 tiis
139 1099 302 1184 expetitae
332 1121 353 1162 a
375 1097 540 1163 nobilibus
563 1096 673 1183 legum
697 1098 916 1162 exsecutionis
939 1098 1212 1185 diversarumque

56 1205 156 1290 regni
182 1205 327 1291 partium
358 1206 392 1269 in
423 1227 525 1268 uuum
560 1226 678 1291 corpus
713 1204 1005 1269 consociandorum
1040 1205 1212 1290 distentus,

57 1312 245 1395 Lituauiae,
268 1311 375 1396 quoad
398 1313 467 1398 ipse
490 1310 625 1394 abesset,
656 1310 828 1376 Nicolaum
852 1311 984 1376 Ioannis
1011 1312 1214 1399 Radivilum,
1276 1387 1281 1395 s

58 1416 298 1482 cancellarium
344 1417 504 1482 lituanum
543 1417 787 1504 palatinumque
825 1417 1016 1503 viluensem‚
1055 1419 1213 1505 praefecit

56 1526 234 1611 ipsumque
257 1525 309 1588 ius
333 1524 551 1589 creandorum
575 1525 824 1610 magistratuum
847 1525 882 1587 in
905 1547 943 1589 ea
966 1535 1054 1590 terra
1077 1527 1106 1590 ei
1134 1549 1213 1590 con-

58 1632 169 1695 cessit.
207 1629 380 1695 Radivilus
412 1630 601 1696 cancellarii
635 1631 766 1695 nomine
790 1632 854 1695 iam
885 1643 980 1695 antea
1011 1632 1214 1698 urbanorum

57 1738 171 1803 causis
195 1739 228 1800 in
253 1738 407 1801 Lituauia
430 1761 472 1802 ex
495 1738 710 1825 appellatione
740 1737 926 1802 iudicandis
957 1739 1108 1826 praefuit,
1139 1750 1209 1804 tum

57 1867 140 1910 vero
165 1867 338 1930 supremus
361 1845 466 1909 evasit
493 1844 601 1927 iudex,
632 1845 703 1908 iure
734 1844 776 1908 ad
807 1867 918 1930 regem
953 1846 994 1909 ab
1026 1847 1095 1910 eius
1123 1846 1212 1910 iudi-

57 1953 111 2016 cio
135 1950 337 2037 provocandi
362 1950 491 2016 decreto
515 1953 601 2036 regis
629 1950 764 2015 sublata.
804 1952 956 2040 Royzius,
991 1953 1046 2038 qui
1078 1964 1110 2017 et
1141 1955 1213 2040 ipse

55 2059 125 2122 iam
151 2068 248 2122 autea
273 2080 337 2120 uua
362 2079 436 2122 cum
459 2058 675 2143 Domancvio‚
703 2058 899 2143 Samogitiae
923 2060 1081 2145 episcopo,
1112 2071 1213 2146 atque

56 2166 250 2248 Narcussio,
273 2166 456 2251 praeposito
471 2166 665 2249 ticotinensi‚
682 2166 828 2251 coguitor
845 2187 1018 2230 causarum
1034 2167 1208 2231 Lituaniae

56 2273 263 2337 urbanarum
292 2271 392 2335 fuisse
416 2270 555 2337 videtur.
586 2271 647 2336 hoc
671 2282 758 2335 certe
784 2283 927 2357 tempore
958 2273 1080 2337 assedit
1110 2273 1215 2337 Radi-

57 2378 128 2443 vilo
153 2379 243 2442 etin
267 2379 338 2443 iure
360 2377 527 2442 reddendo
550 2400 625 2441 eum
655 2377 835 2442 adiuvabat
858 2378 914 2463 (ΙΙ,
938 2380 990 2463 95,
1015 2381 1079 2460 24).
1117 2379 1210 2444 Inter

56 2484 142 2550 haec
167 2484 229 2548 fori
257 2483 373 2548 lituani
405 2484 578 2571 polonique
609 2485 738 2568 negotia
769 2486 854 2570 cepit
886 2485 1057 2549 consilium
1089 2484 1210 2550 edendi

56 2592 96 2655 in
111 2591 220 2656 lucem
237 2613 342 2678 pauca
358 2612 399 2655 cx
415 2591 471 2676 eis,
487 2613 570 2677 quae
586 2591 620 2654 in
636 2592 706 2654 eius
718 2592 936 2676 cognitionem
948 2591 1141 2676 inciderant,
1149 2614 1213 2678 pu·

57 2697 213 2785 bliceque
236 2708 312 2762 sunt
335 2697 376 2761 ab
400 2720 438 2762 eo
462 2697 651 2784 disceptata.
678 2697 787 2783 Elegit
811 2699 911 2783 igitur
933 2721 975 2763 ex
991 2720 1100 2763 rerum
1117 2699 1211 2784 copia

56 2807 204 2891 quinque
228 2805 441 2890 quaestiones,
457 2827 538 2890 quus
562 2804 700 2891 singulis
717 2803 810 2868 libris
827 2805 1016 2891 complexus
1033 2828 1113 2890 opus
1130 2827 1209 2869 cou-

58 2913 168 2976 texuit
190 2910 273 2975 illud
297 2911 511 2975 Decisiouum
528 2910 768 2996 lituanicarum‚
792 2912 877 2997 quod
909 2910 1119 2996 Sigismundo
1141 2913 1212 2976 Au-

59 3020 158 3105 g'usto
183 3017 329 3082 dicatum
353 3017 473 3103 prodiit
497 3017 675 3083 Oracoviae
699 3041 810 3082 mense
825 3017 920 3104 aprili
937 3041 965 3083 a.
983 3018 1078 3082 1563.
1109 3018 1214 3083 Cuius

58 3126 167 3212 operis
191 3124 276 3188 libro
299 3125 404 3212 primo
427 3125 493 3208 egit
517 3124 558 3189 de
581 3135 773 3189 testamento
797 3126 875 3208 eius,
903 3125 959 3210 qui
984 3136 1120 3188 mortem
1144 3123 1208 3188 sibi

60 3232 286 3316 conscivisset,
310 3230 455 3296 secundo
479 3231 520 3296 de
540 3233 659 3296 usitata
674 3231 886 3296 tabellionum
902 3230 1058 3314 clausula,
1082 3253 1146 3318 qua
1161 3241 1211 3295 te-

62 3349 166 3404 stator
188 3360 287 3425 aegro
310 3360 446 3424 corpore
468 3360 611 3424 sanaque
627 3361 697 3403 esse
722 3348 829 3403 mente
844 3339 944 3403 scribi
960 3337 1086 3421 soleret,
1117 3338 1217 3401 tertio

62 3446 103 3511 de
126 3460 247 3511 conatu
271 3456 303 3510 et
327 3445 486 3509 inchoatis
510 3445 648 3530 delictis,
672 3455 786 3531 quarto
815 3444 856 3509 de
886 3444 1040 3530 legitimis
1072 3465 1211 3508 excuse-

63 3554 207 3619 tiouibus
230 3575 351 3637 eorum,
375 3554 429 3638 qui
454 3554 488 3616 in
504 3553 555 3617 ius
572 3554 678 3618 vocati
696 3577 760 3617 non
776 3554 935 3637 venirent,
966 3551 1135 3638 quintode
1164 3552 1213 3616 fe·

65 3682 142 3724 nore
166 3662 238 3724 sive
262 3660 380 3723 usuris.
407 3660 469 3723 His
493 3661 661 3745 praemisit
684 3660 852 3746 epistolam
878 3659 995 3723 Vilnae
1027 3657 1067 3722 ad
1101 3680 1210 3742 regem

65 3766 226 3831 Kalendis
250 3765 422 3831 sextilibus
446 3789 473 3830 a
500 3768 586 3832 1562
610 3768 836 3853 conscriptam,
868 3768 901 3830 in
932 3789 997 3853 qua
1029 3765 1211 3851 disputavit

67 3873 106 3939 de
129 3874 210 3937 iuris
234 3871 374 3937 utilitate
397 3882 494 3959 atque
517 3875 717 3958 auctoritate,
742 3873 782 3938 de
803 3874 927 3938 romani
944 3873 1024 3936 iuris
1041 3882 1211 3959 praestan-

66 3983 111 4045 tia
133 3978 377 4065 commodisque
400 4003 442 4045 ex
466 4002 503 4044 eo
527 3982 561 4044 in
585 3980 751 4045 Poloniam
768 3979 1005 4044 introducendo
1027 3979 1212 4063 fluentibusy

69 4087 106 4151 de
128 4087 240 4174 legum
264 4086 524 4173 iudiciorumque
547 4087 736 4174 polonorum
760 4088 858 4170 vitiis,
882 4086 923 4150 de
952 4087 1019 4150 suis
1050 4097 1123 4172 post
1152 4085 1214 4149 ad-

69 4205 200 4259 ventum
222 4195 259 4257 in
283 4192 450 4257 Poloniam
474 4193 621 4280 partibus
637 4196 889 4281 muneribusque
906 4195 967 4260 sibi
985 4193 1109 4278 oblatis
1137 4216 1213 4278 pro-

175 4444 194 4510 ¹)
212 4444 296 4495 Plura
313 4444 346 4493 de
365 4460 398 4494 ca
416 4460 444 4494 rc
464 4443 524 4494 vide
550 4445 577 4494 in
597 4446 673 4510 libro,
699 4463 723 4511 q.
750 4447 766 4496 i.
787 4444 1014 4505 Wolonezcwslri‚
1041 4444 1214 4507 Bislrupstwo

72 4532 225 4599 tmujdskic.
246 4531 364 4582 Kralrdw
383 4530 453 4584 1898
472 4549 514 4598 pg.
534 4531 649 4587 lO-lo.

172 4629 281 4669 Carmina
293 4628 320 4668 Τ.
336 4628 357 4667 1.
1067 4622 1105 4669 ΠΙ
