3016 5310
180 439 230 506 38
655 457 733 491 rerer
751 457 838 491 serm

361 525 607 532 ---.--
613 526 731 532 ——-—-·..
735 527 752 532 -.
755 527 774 535 -,
945 522 1337 533 ———-—.——.-—-—

604 537 726 543 ———.
945 536 1337 546 —-—...-...--—-

285 648 412 734 Begina
434 671 511 735 ergo
534 648 654 731 oeulos,
677 650 742 714 iam
766 647 890 713 dudum
914 670 1048 715 eernere
1070 649 1167 733 sessa»,

284 757 424 840 Avertit,
447 777 508 822 nee
530 756 597 820 iam
619 765 817 842 argentoque
840 778 984 842 auroque
1006 766 1157 821 catervas

286 861 477 948 squalentes
500 873 645 948 speetare
668 862 771 927 oeulis
794 860 880 927 valet
904 861 1045 947 amplius
1068 862 1184 947 aegris

181 989 252 1034 aro.
283 968 411 1032 Interea
434 969 588 1034 oeeiduas
610 968 761 1033 Phoebus
784 968 976 1056 properabat
1000 967 1043 1033 ed
1065 991 1141 1033 oras

287 1075 330 1141 Et
353 1075 475 1140 eelems
496 1075 632 1161 urgebat
655 1098 763 1162 equos.
793 1075 904 1154 Quare
926 1074 1061 1139 humida
1084 1097 1127 1140 ne
1151 1097 1186 1140 se

286 1181 411 1248 Inferet
435 1183 533 1268 inque
556 1183 634 1267 ipsis
657 1180 781 1245 medios
803 1204 869 1246 nox
892 1182 1020 1246 oeealat
1044 1182 1142 1267 agris,

286 1287 356 1352 Iam
382 1287 506 1351 dudum
529 1288 678 1352 dextram
701 1288 835 1353 dextrae
858 1289 1055 1373 eoniungere
1077 1287 1197 1353 visum.

375 1394 561 1459 Proeedunt
584 1417 660 1480 ergo
682 1417 741 1460 rex
764 1405 795 1460 et
818 1395 932 1480 regine
955 1393 1015 1457 sub
1040 1394 1118 1479 ipsis

182 1520 254 1565 art.
285 1500 471 1565 Castrorum
495 1502 616 1587 spatiis.
648 1502 806 1587 Aequatis
828 1500 979 1587 passibus
1002 1499 1094 1564 ibant

288 1606 475 1672 Castrorum
498 1608 540 1671 ad
564 1607 715 1692 medium,
739 1631 803 1695 qua
826 1607 950 1671 muriee
972 1616 1059 1671 teeta
1079 1605 1211 1671 rubenti

288 1711 415 1778 Seindit
438 1713 480 1777 ab
503 1715 656 1779 extremis
679 1736 831 1800 eampum
852 1713 962 1779 brevis
985 1712 1090 1777 orbita
1113 1713 1248 1795 eastria;

286 1819 474 1885 Castrorum
496 1821 531 1883 in
553 1820 669 1904 medio,
692 1821 812 1906 pariter
835 1842 898 1906 quo
922 1821 1012 1884 venit
1034 1829 1178 1906 uterque,

288 1926 500 2012 Coniungunt
519 1926 650 1991 dextras
673 1926 850 2014 taedaeque
873 1926 992 2012 iugalis
1015 1947 1169 1991 amorem.

184 2053 255 2098 aaa.
374 2033 447 2118 Hie,
470 2054 667 2119 quamquem
689 2043 755 2097 toto
777 2032 927 2098 turbatus
950 2043 1080 2119 peetore
1101 2054 1161 2097 rex
1184 2040 1247 2115 θά,

287 2139 433 2226 Reginae
456 2151 491 2204 ut
513 2140 597 2204 vidit
620 2139 730 2204 vultus
754 2140 989 2226 flagrantiaque
1012 2162 1076 2224 ora,

289 2246 495 2334 Luminaque
518 2246 659 2314 aetherei
682 2247 790 2312 radios
813 2248 987 2334 aequantia
1010 2246 1096 2331 solis,

288 2353 400 2418 Pauea
422 2356 532 2420 refert:
558 2354 607 2439 „0
631 2354 720 2419 olere
743 2354 846 2419 oeulis
869 2354 928 2418 lux
952 2353 1080 2420 reddita
1102 2353 1235 2438 nostris,

289 2460 336 2525 Ut
358 2461 490 2525 tandem
513 2462 637 2547 aeeipio
662 2464 705 2526 tel
729 2470 765 2525 ut
787 2460 919 2526 tandem
943 2481 1075 2525 eernere
1098 2481 1210 2525 eoram

185 2585 255 2630 aaa.
287 2566 342 2650 Te,
366 2566 472 2633 duleis
494 2591 566 2632 mea
590 2591 716 2654 sponsa,
739 2567 865 2633 datum!
889 2590 961 2632 mea
985 2567 1053 2632 sola
1074 2565 1245 2654 voluptaa3

288 2674 398 2739 Nostri
422 2698 441 2737 o
464 2697 536 2760 spes
559 2676 659 2759 regni,
683 2683 811 2737 nostrae
835 2697 853 2737 o
877 2697 949 2760 spes
972 2695 1040 2739 nna
1062 2672 1187 2758 salutis,

291 2779 455 2844 Sueeedas
477 2781 595 2865 regnis.
623 2781 725 2845 Disee
746 2780 827 2845 haee
850 2791 907 2844 tua
930 2802 1032 2866 regna
1052 2801 1181 2863 voeare,

290 2885 560 2973 Sauromatasque
581 2896 663 2971 tuos,
685 2886 736 2950 his
759 2897 808 2951 est
830 2896 862 2952 et
884 2886 1041 2974 quiequid
1064 2887 1099 2950 in
1121 2886 1223 2952 oris“.

288 2992 427 3058 Dixerat
450 3002 482 3057 et
505 2993 593 3058 dieta
615 2994 745 3079 egregio
769 2994 816 3057 sie
840 3016 894 3058 ore
918 3002 1029 3057 seeuta
1051 3002 1100 3058 est

185 3120 256 3165 aaa.
287 3098 444 3185 Virgineo
468 3102 591 3164 suffusa
614 3100 724 3166 oeulos
748 3101 861 3186 regina
883 3099 1012 3165 rubore:

294 3206 393 3291 „Reiz7
417 3206 591 3292 Iagellonis
614 3229 717 3292 genus
740 3216 771 3271 et
795 3206 964 3271 verissima
986 3207 1104 3291 imago,

291 3313 344 3376 Ad
368 3325 425 3377 tua
447 3337 499 3379 me
521 3326 620 3400 pater,
645 3314 686 3377 ad
709 3325 766 3377 tua
788 3337 849 3397 me,
872 3336 930 3378 rex
954 3315 1082 3400 optime,
1105 3313 1206 3378 mittit

291 3419 430 3503 Limina,
454 3421 592 3485 conubia
616 3432 651 3485 ut
674 3430 769 3507 pacta
792 3422 1000 3507 ineeptosque
1022 3420 1225 3509 hymenaeos

292 3526 451 3613 Expleam
474 3537 506 3592 et
528 3539 692 3593 extremae
715 3527 895 3612 coniungor
918 3526 1047 3592 foedere
1068 3525 1198 3615 aedae,

186 3653 257 3697 aaa.
288 3632 375 3697 Eeee
401 3632 527 3718 adsum,
549 3645 606 3697 tua
629 3656 754 3720 sponsa,
777 3634 843 3698 tuis
867 3634 1085 3699 sueoessimus
1107 3632 1205 3719 agris

290 3739 390 3805 Nulla
413 3763 557 3827 unquam
579 3739 756 3825 indeeores,
780 3740 908 3823 faeiem,
933 3763 991 3803 nos
1014 3749 1129 3825 arguet
1152 3748 1256 3824 aetas,

291 3847 565 3934 Austriaeumque
583 3870 687 3933 genus
711 3869 878 3933 nunquam
901 3847 1041 3911 sociasse
1063 3844 1188 3933 pigebit

292 3952 498 4038 Iagelloueo¹
521 3955 678 4040 regnique
701 3955 734 4017 in
758 3963 849 4040 parte
871 3953 1025 4018 loeasse“.

293 4059 358 4124 Hie
381 4059 479 4125 finem
501 4061 593 4125 fandi
618 4061 749 4126 Elisabe
771 4060 989 4147 pulcherrima
1012 4060 1098 4124 feeit.

188 4187 261 4232 aro.
381 4165 517 4231 Talibus
539 4167 687 4233 Elisabes
710 4167 807 4232 dietis
829 4167 938 4231 defixa
961 4166 1091 4231 tenebat

180 4361 392 4373 -——-—

294 4503 304 4535 ¹
322 4504 393 4557 uuit.
414 4505 628 4573 „lunellonaaoffi
