3016 5310
307 454 353 526 50
617 499 621 507 -
784 478 863 516 smus
881 470 970 517 sorau

309 562 557 570 ——--.
570 562 891 570 -—-.--—
907 565 911 569 Ι
928 548 1474 571 -.-τ--.------ο-

417 674 569 760 ,Missa“,
592 676 706 762 inquit,
732 677 878 762 ,superis
900 685 948 740 est
969 674 1077 740 hostie
1099 674 1245 741 sedibus:
1268 677 1348 743 iteu‘

415 781 599 846 Discedunt
622 805 699 868 ergo
721 805 824 868 reges,
847 804 1024 868 regumque
1046 792 1215 869 potentum

416 888 533 954 Secum
557 899 698 953 oratores
721 899 859 974 augusta
883 888 925 952 ad
945 889 1084 975 prandia
1107 888 1244 975 ducunt,

315 1019 380 1060 isc.
412 995 505 1074 Quae
528 995 637 1060 nullae
660 995 804 1081 choreae,
827 1018 910 1081 quae
934 995 1024 1060 nulla
1047 1006 1159 1061 secuta
1181 996 1342 1084 voluptas.

414 1103 488 1167 Non
512 1103 569 1166 illa
592 1125 759 1168 accessum
783 1102 890 1167 fulcra
913 1102 955 1167 ad
979 1103 1120 1189 genialia
1143 1114 1248 1169 nocte.

416 1210 560 1295 Reginae
583 1209 644 1274 hoc
668 1211 775 1273 visum
798 1210 984 1293 concedere,
1008 1221 1138 1297 pectore
1161 1233 1320 1297 magnum

415 1317 505 1380 Dum
529 1317 744 1402 Regnaterem
767 1317 829 1381 fert
853 1318 1080 1403 omnipotentis
1103 1317 1248 1407 Olympi,

416 1422 567 1488 Cornua¹
591 1446 686 1510 quem
710 1425 811 1488 sacris
835 1446 939 1510 nuper
960 1434 1169 1511 praeceperat
1192 1424 1267 1489 aris.

315 1553 382 1595 iss.
500 1531 633 1595 Postera
657 1552 733 1594 cum
757 1529 863 1594 lucem
887 1530 1032 1596 revoluto
1055 1530 1179 1596 rettulit
1202 1553 1265 1597 axe

417 1638 497 1704 Orta
520 1638 589 1702 dies
612 1637 776 1723 radiisque
799 1639 938 1701 retexuit
962 1660 1060 1703 aurea
1083 1648 1195 1724 terras,

417 1746 455 1809 In
480 1768 577 1830 quam
600 1745 738 1808 reiectae
761 1766 891 1808 mensae
914 1743 1114 1828 thalamique
1136 1744 1273 1831 iugales,

418 1853 519 1918 Sacra
542 1851 598 1915 ubi
621 1852 769 1916 confecta
793 1852 826 1914 in
849 1850 978 1937 templis
1001 1850 1151 1939 divisque
1173 1850 1313 1938 litatum,

417 1957 601 2024 Discedunt
623 1958 742 2044 templo
765 1980 858 2044 reges
882 1980 1055 2044 secumque
1077 1968 1247 2044 potentum

319 2090 384 2131 reo.
415 2067 541 2152 Regum
565 2076 706 2129 oratores
729 2088 879 2151 suprema
903 2064 944 2127 ad
968 2063 1106 2151 prandia
1129 2064 1265 2130 ducunt.

418 2174 578 2237 Interiora
600 2183 713 2258 petunt
737 2171 824 2236 aulai
846 2180 932 2236 tecta
955 2171 1121 2258 superbae,

419 2281 489 2344 Mos
513 2279 570 2344 ubi
595 2279 765 2344 sollemnes
789 2279 936 2343 convivis
961 2289 1103 2345 sternere
1125 2301 1266 2364 mensas,

420 2389 461 2452 Et
484 2410 576 2472 roges
599 2386 693 2472 epulo
716 2387 866 2472 excipere
889 2396 920 2449 et
944 2386 1022 2450 dare
1045 2385 1183 2472 prandia
1205 2384 1301 2451 laeta

419 2494 533 2580 Reguli
557 2517 669 2558 mensa
693 2503 806 2558 contra
829 2504 892 2557 stat
916 2493 1087 2579 splendida
1109 2492 1202 2579 luxu,

319 2626 385 2667 ree.
416 2601 539 2666 Ordine
563 2611 649 2665 stant
671 2600 808 2687 pulchro
832 2611 997 2686 composta
1020 2599 1135 2665 sedilia
1159 2601 1287 2666 circum

420 2709 560 2774 Sarrano
582 2718 668 2773 tecta
691 2714 800 2771 ostro²
821 2706 1067 2793 barbaricisque
1089 2708 1220 2794 tapetis,

419 2815 555 2880 Aulaeis
579 2814 681 2900 fulget
705 2815 820 2878 domus
844 2814 988 2900 undiquc
1009 2813 1097 2878 culta
1120 2812 1279 2900 superbis,

422 2925 507 2987 Aere
530 2934 699 3008 protensus
723 2921 829 2985 medio
852 2921 976 3006 regalia
999 2944 1098 3006 supra

420 3029 591 3116 Dependet
615 3051 742 3114 pannus
766 3028 855 3113 solia,
879 3038 964 3092 ostro
987 3029 1094 3113 pictus
1117 3038 1148 3092 et
1171 3050 1260 3093 auro.

320 3160 386 3202 iro.
416 3138 593 3219 Postquam
617 3135 814 3200 discubitum
839 3146 895 3219 est,
920 3146 1072 3220 supposta
1095 3135 1188 3200 lance
1210 3134 1409 3221 profundunt

420 3245 530 3308 Aurea
553 3248 663 3326 vesal,
687 3265 802 3306 manus
827 3265 909 3328 quae
933 3251 1087 3327 spargant
1111 3240 1275 3306 molliter⁴
1297 3241 1393 3326 unda,

422 3350 528 3429 Quam
552 3351 693 3436 primum
718 3372 827 3414 coram
850 3350 957 3434 prisco
981 3349 1021 3412 de
1044 3370 1133 3413 more
1156 3348 1299 3414 ministri

421 3458 590 3541 Libavere,
614 3456 713 3542 dapes
736 3467 771 3520 ut
795 3480 864 3520 mos
888 3457 1075 3541 contingere
1098 3477 1245 3520 summas

421 3566 571 3631 Immisso
594 3565 687 3650 panis
711 3564 815 3627 frusto
838 3562 1002 3648 labrisque
1025 3563 1185 3648 supremis

321 3695 386 3738 iro.
417 3674 601 3758 Degustare
623 3670 740 3757 palam,
763 3692 824 3734 nec
847 3669 964 3756 pocula
986 3673 1144 3756 porgere⁵
1166 3668 1301 3757 dextris,

425 3933 432 3960 ¹
453 3933 501 3983 Ms.
521 3929 663 3995 „c0rnua“.
694 3932 785 3995 Neque
813 3938 902 3980 tamen
927 3930 1014 3995 ipsum
1040 3927 1175 3993 „cornua“
1202 3928 1333 3994 gravituti
1358 3928 1396 3980 rei
1418 3941 1452 3975 ra·

316 4022 441 4088 spondet;
468 4023 581 4071 fortasse
605 4020 751 4084 „supplax‘·
775 4029 834 4070 erat
852 4019 1031 4082 scribendum,
1050 4018 1119 4082 quod
1138 4033 1204 4068 voco
1222 4017 1322 4084 polone
1342 4017 1451 4081 „korny“

313 4111 494 4176 superscripta
513 4109 676 4173 explicatum
694 4109 721 4157 in
742 4109 877 4173 ‚,cornua“
897 4116 1031 4158 mutatum
1050 4115 1091 4158 est

425 4197 503 4249 'Ma
525 4202 632 4258 ,auro“.

425 4286 584 4338 'Inusitate
603 4304 703 4351 „aurea
722 4303 786 4338 vasa
806 4286 983 4352 profundere‘
1004 4302 1050 4351 pro
1070 4300 1185 4351 „aquam
1204 4284 1294 4336 aurcis
1312 4285 1386 4336 vasis
1401 4298 1453 4350 pro·

317 4378 455 4429 fundere“.

424 4466 503 4520 ‘Ma
524 4467 686 4532 „mollitur“.

424 4554 435 4585 ⁶
454 4558 503 4611 lle.
523 4557 703 4623 „porrigere“·
