3016 5310
180 455 245 518 144
630 465 813 501 muman

268 554 272 559 ,
354 538 395 545 ...-
426 538 604 556 ..-—.-——-—
963 536 1234 556 —-.-——.-..
1255 540 1302 546 -.-

180 687 249 729 eio.
284 664 402 728 Nescio
426 662 521 749 quis?
544 660 693 727 Clament
716 659 773 724 illi.
796 682 894 744 mare,
919 659 1034 744 sidera,
1057 671 1161 725 terras

281 770 482 853 Miscuerint,
506 768 610 833 bonus
634 769 718 832 inter
741 767 911 854 episcopus
935 768 1000 831 otia
1023 766 1116 831 ludat

285 876 328 939 Et
351 899 479 962 gemma
502 874 592 940 bibat
616 885 647 940 et
671 896 804 939 sarrano
828 873 966 938 dormiat
989 884 1083 938 ostro.

286 983 431 1046 Antistes
455 983 559 1045 iustus
583 980 664 1045 nulli
689 1004 748 1045 sua
771 1003 914 1064 munera,
939 980 1020 1044 nulli

286 1089 513 1155 Committatve
536 1089 638 1170 viccs3
661 1097 776 1152 tractet
800 1110 859 1151 sua
882 1088 1028 1174 quisque,
1052 1109 1112 1153 nec
1135 1088 1216 1153 alter

181 1217 251 1260 eis.
286 1195 441 1279 Algorcm
465 1196 547 1260 ferat
571 1217 609 1259 aa
633 1204 766 1278 aestum,
791 1195 873 1259 ferat
896 1193 977 1258 alter
999 1193 1145 1260 honores.

286 1303 411 1388 Cuique
435 1325 530 1365 suum
554 1311 728 1388 peragatur
751 1324 841 1387 opus,
863 1300 1048 1386 Christique
1070 1311 1222 1367 retractet

288 1409 395 1475 Sriave
420 1411 532 1494 iugum
555 1431 657 1472 nemo.

687 1515 852 1579 Extremis
875 1515 1080 1603 quaerendus
1103 1515 1144 1579 ab
1169 1514 1260 1580 Indis

287 1625 359 1688 Non
383 1634 439 1708 est,
465 1624 682 1707 Sauromatae,
707 1622 808 1707 vobis,
832 1622 950 1709 quibus
974 1624 1037 1686 ista
1059 1645 1188 1708 repono.

288 1730 485 1817 Exemplum
509 1732 603 1795 cuius
628 1730 749 1795 dociles
773 1753 958 1817 moremque
982 1730 1085 1795 secuti

245 1889 251 1901 .
288 1838 404 1901 Vestro
428 1836 574 1902 defuncti
597 1837 753 1924 placeatis
776 1860 910 1903 munere
933 1838 1039 1922 Diris,

288 1945 338 2007 Eu
361 1945 548 2008 Macioveae
573 1943 702 2010 Saumel
727 1943 908 2008 clarissima
931 1944 1036 2030 gentis

287 2051 414 2114 Fama1
438 2050 601 2137 decusque
625 2073 711 2116 suae.
737 2052 867 2136 Lingua
890 2073 955 2114 uon
978 2050 1033 2115 ille
1056 2050 1224 2137 redempta

288 2158 388 2223 Sacra
410 2158 584 2243 Deumque
606 2157 699 2222 docet
723 2157 870 2244 populos:
895 2158 959 2220 ruit
983 2179 1037 2221 ore
1061 2156 1182 2223 diserto

288 2265 327 2328 Iu
351 2265 440 2348 vitia,
464 2276 560 2350 atque
583 2266 670 2328 viam
694 2265 788 2329 docet
811 2265 1038 2351 omnipotentis
1061 2263 1205 2353 Olympi.

246 2422 253 2436 .
289 2375 317 2436 Ο
341 2373 475 2456 utinam,
499 2395 563 2435 non
587 2394 638 2436 res
658 2374 751 2458 regni
774 2382 820 2436 tot
843 2371 975 2436 milibus
999 2371 1092 2436 illum

287 2478 448 2543 Curarum
472 2477 644 2543 obruerent
667 2480 816 2565 regisque
839 2480 934 2544 effeta
957 2490 1120 2544 senectus:

287 2586 359 2647 Non
383 2595 430 2649 tot
454 2596 599 2649 sacratus
623 2594 810 2672 quateretur
832 2585 973 2650 motibus
997 2584 1085 2670 ordo,

287 2692 356 2755 Noc
380 2702 446 2754 tam
472 2693 646 2756 saxonicus
671 2691 769 2777 vulgo
793 2693 1045 2758 increbresceret
1068 2714 1166 2776 error,

289 2797 394 2864 Staret
417 2796 529 2883 religio
553 2808 585 2861 et
608 2798 728 2864 Christi
752 2811 845 2864 vetus
869 2822 926 2863 ara
949 2821 1104 2863 maneres.

246 2956 253 2969 .
289 2905 376 2990 Ergo
399 2904 490 2991 pedo,
514 2907 657 2990 antistes,
681 2907 866 2991 quicunque
890 2916 1033 2969 armatus
1057 2905 1187 2970 adunco

288 3010 423 3098 Templa
446 3022 545 3096 tenes,
568 3035 651 3099 quae
674 3014 777 3098 prima
802 3012 919 3078 decent
941 3024 973 3077 te
997 3034 1142 3096 munera,
1164 3012 1284 3076 Divum

287 3119 382 3183 Iussa
406 3118 494 3205 doce,
518 3119 647 3185 Christo
671 3132 701 3184 ct
725 3142 807 3206 quae
830 3120 907 3184 olim
931 3128 1109 3184 monstrata
1128 3118 1276 3184 voluntas

289 3228 424 3290 Aeterni
446 3227 556 3314 patris,
580 3228 613 3289 in
638 3228 731 3292 terris
756 3227 833 3290 dum
857 3228 976 3291 missus
1001 3226 1130 3313 agebat3

288 3333 341 3396 Ad
366 3333 469 3421 Styga
493 3335 540 3398 sic
564 3334 690 3418 doceas,
715 3335 832 3400 doceas
856 3335 903 3399 sic
927 3335 992 3398 itur
1015 3333 1057 3398 ad
1081 3344 1179 3398 astra.

185 3460 254 3503 aaa.
290 3440 362 3503 Non
386 3439 496 3525 populi
520 3441 618 3525 vitiis
642 3464 853 3528 procerumve
877 3441 1059 3527 peperceris
1081 3441 1180 3525 ansis,

285 3547 435 3632 Purpura
458 3570 518 3612 nec
539 3570 652 3633 regum
676 3558 803 3612 moveat
827 3559 858 3612 tc
881 3548 967 3612 iusta
990 3559 1184 3612 monentem.

290 3655 407 3717 Cmnia
431 3656 508 3740 quin
533 3655 623 3718 duris
648 3655 771 3740 castiga
795 3656 932 3719 crimina
955 3654 1073 3719 verbis.

290 3760 523 3848 Errantemque
547 3762 644 3825 minis
667 3772 765 3826 totam
790 3762 1008 3827 tremefeceris
1031 3761 1155 3825 urbem.

289 3867 352 3931 Sed
375 3880 421 3952 tu,
445 3871 509 3955 qui.
534 3869 646 3934 doctor
670 3868 787 3955 populi,
810 3868 1004 3954 reprendere
1026 3869 1128 3931 vitam

185 3994 255 4036 aue.
291 3974 490 4038 Cunctorum
515 3976 711 4062 aggrederis,
735 3978 804 4039 sine
828 3976 963 4040 crimine
986 3975 1129 4061 transige
1153 3976 1263 4059 vitam,

290 4080 379 4145 Labe
403 4083 472 4146 sinc
496 4093 527 4146 ct
550 4084 647 4167 vitiis,
671 4107 746 4145 nam
772 4083 800 4146 si
822 4083 944 4146 ieiunia
966 4081 1077 4146 landet

292 4187 417 4265 Helluo,
442 4191 655 4276 vinosumque
678 4200 765 4254 notet
787 4190 921 4253 vinosus
945 4189 1115 4273 Homerus,

290 4294 405 4359 Rideat
429 4297 563 4360 insanus
586 4319 647 4361 nec
672 4320 787 4360 sanum
811 4298 895 4361 iuret
919 4295 1058 4361 Orestes,

292 4526 298 4554 ¹
320 4528 423 4579 Cornie.
445 4529 575 4591 ‚,t'0rma“.
