3016 5310
172 413 240 479 206
647 427 726 461 rssur
743 425 833 461 sorau

279 620 440 689 Infestum
463 631 495 687 et
517 621 631 709 patriis
654 619 830 707 pepulisset
853 618 973 685 finibus
996 617 1134 684 hostem:

278 728 380 794 Lechi
404 751 521 793 nomeu
544 750 684 814 opesque
707 728 808 791 issent
830 737 862 792 et
886 725 974 811 regia
997 747 1139 812 pessum,

170 857 243 902 cra.
278 835 473 922 Regalisque
495 845 565 899 toro
589 834 725 899 sedisset
747 832 906 899 barbarus
929 831 1040 896 hostis.

368 942 463 1007 Hanc
485 942 604 1007 iterum
627 963 735 1005 rerum
760 939 878 1005 faciem
901 950 932 1003 et
956 937 1102 1003 crudelia
1126 938 1195 1002 fata

278 1049 489 1113 Sauromatae
512 1047 624 1113 videre
647 1059 742 1132 atque
766 1048 954 1132 ingemuere
976 1044 1134 1129 videntes,

278 1154 402 1219 Ultima
426 1153 651 1221 Gracchorum
675 1175 750 1218 cum
774 1153 837 1217 diis
860 1151 1021 1239 placitura
1044 1151 1191 1239 profanis

278 1261 405 1346 Vanda,
428 1285 488 1325 suo
510 1261 631 1326 laetum
655 1260 799 1327 reserens
823 1283 864 1325 ex
887 1259 978 1325 hoste
1001 1257 1212 1345 triumphum,

172 1391 243 1434 aso.
278 1369 355 1433 Vim
378 1367 541 1455 quondam
565 1366 716 1432 thalamis
739 1366 930 1433 sceleratam
954 1364 1077 1430 inferre
1099 1374 1221 1450 param,

275 1476 419 1540 Victima
442 1473 610 1541 caeruleas
633 1495 788 1561 praeceps
812 1473 923 1537 ivisset
946 1473 979 1537 in
1005 1470 1119 1553 undas,

277 1582 327 1666 Et,
351 1604 446 1668 quem
470 1591 639 1664 servasset,
664 1602 815 1645 verorum
839 1580 976 1665 ignara¹
1001 1578 1147 1643 Deorum

275 1687 358 1752 Udis
382 1689 523 1753 sacravit
546 1687 619 1772 diis,
642 1688 838 1773 virginitatis
861 1686 1024 1770 honorem,

275 1795 489 1881 Neptunoque
512 1795 606 1881 patri.
637 1795 723 1859 Naun
746 1794 895 1862 Sarmata
918 1803 1061 1879 tempore
1083 1801 1115 1856 et
1139 1790 1195 1857 illo

234 1952 241 1966 .
275 1902 414 1988 Regales
437 1925 512 1967 osus
536 1902 642 1967 fasces
666 1911 868 1986 augustaque
891 1911 1027 1986 sceptra,

274 2009 329 2071 Bis
353 2008 439 2073 senis
462 2008 609 2094 patribus
631 2030 742 2073 rerum
766 2006 950 2072 malesanus
973 2006 1117 2073 habenas

273 2114 432 2200 Tradidit,
456 2115 691 2202 imperiumque
714 2113 804 2179 dedit
827 2113 1057 2201 perdendaque
1080 2122 1208 2177 cuncta.

273 2222 389 2288 Gentis
413 2221 455 2287 ad
478 2221 645 2288 excidium
668 2232 700 2286 et
723 2223 868 2307 peritura
891 2219 1067 2309 tyrannide
1089 2241 1192 2305 regna

271 2328 311 2393 In
335 2339 381 2392 tot
404 2328 523 2415 regalis
547 2328 709 2415 discerpta
732 2339 780 2393 cst
804 2349 950 2415 purpura
973 2337 1090 2414 partes.

231 2486 238 2499 .
273 2437 416 2500 Vexavit
438 2435 574 2524 populos
597 2446 726 2521 patrum
750 2433 914 2499 discordia
937 2433 1079 2518 demens,

271 2542 414 2607 Exitiale
436 2542 559 2607 malum
583 2552 615 2607 et
639 2543 727 2606 saevi
750 2541 916 2607 nutricula
939 2540 1025 2624 belli,

272 2649 455 2733 Cessatum,
478 2648 556 2714 olim
579 2650 641 2715 nisi
666 2650 800 2714 misceat
823 2649 941 2733 omnia,
965 2671 1146 2735 nunquam:

271 2755 365 2836 Quae
388 2766 519 2821 centum
542 2755 731 2820 malesuada
754 2757 848 2820 annis
871 2754 1058 2842 possederat
1081 2776 1209 2820 omnem

271 2863 475 2948 Sarmatiam,
499 2873 646 2950 totamque
668 2863 819 2949 implerat
842 2863 985 2929 luctibus
1010 2862 1116 2947 urbes,

230 3020 236 3033 .
271 2970 385 3035 Donec
408 2971 587 3035 Lesconem
610 2969 759 3056 belloque
781 2980 920 3057 togaque
943 2979 1108 3056 potentem

269 3078 428 3142 Accivere
451 3087 568 3163 patres,
591 3088 623 3145 et
646 3079 737 3164 regia
760 3079 917 3163 stringere
941 3087 1070 3163 sceptra

269 3183 438 3248 Iusserunt
460 3184 592 3251 tandem
616 3196 647 3250 et
670 3185 765 3249 fessis
789 3206 980 3250 succurrere
1002 3183 1110 3267 rebus,

269 3291 320 3355 Ac
343 3314 443 3376 paene
467 3293 645 3359 exstinctos
668 3292 861 3379 populorum
884 3302 916 3356 et
938 3291 1045 3376 gentis
1068 3290 1206 3357 honores

268 3396 308 3461 In
331 3398 476 3485 priscum
498 3421 653 3464 revocare
675 3399 785 3483 decus,
807 3421 868 3464 nec
891 3420 993 3485 regna
1017 3420 1168 3485 supremo

227 3552 234 3566 .
269 3503 429 3568 Exscindi
453 3504 520 3569 sato
543 3507 628 3570 sinat
651 3516 682 3570 et
706 3505 858 3571 civilibus
882 3507 991 3571 armis.

357 3610 444 3691 Quid
469 3613 538 3678 sine
561 3636 637 3699 rege
661 3612 770 3677 valent
792 3623 914 3698 gentes,
937 3613 1035 3699 stirps
1058 3612 1149 3698 regia
1171 3611 1254 3677 desit

267 3718 464 3805 Siquando,
488 3721 540 3784 cui
566 3730 693 3806 sceptra
716 3721 825 3806 patris,
850 3742 909 3784 ceu
934 3718 1052 3804 debita,
1075 3718 1180 3785 laetus

265 3825 330 3889 Det
353 3826 500 3911 populus,
532 3826 632 3891 Lechi
656 3826 852 3892 exhaustum
876 3849 979 3913 genus
1013 3826 1142 3913 udaque
1166 3824 1295 3892 Vandae

266 3932 293 3996 F
296 3955 397 3997 unere
419 3933 611 4020 iampridem
634 3945 764 4019 gentem
787 3933 926 3999 docuere
951 3934 1110 4020 polonum.

160 4057 233 4100 aot.
268 4038 398 4123 Vosque
422 4040 512 4125 adeo,
536 4063 693 4125 proceres,
718 4043 799 4105 tanti
824 4042 1009 4106 meminisse
1033 4039 1145 4128 pericli

266 4145 378 4230 Usque
401 4145 502 4211 decet.
534 4147 614 4230 Regi
638 4150 798 4212 exstincto
822 4160 959 4212 natusvo
982 4172 1122 4235 neposve

266 4253 436 4337 Succedat,
461 4255 601 4319 i'ratcrve
626 4255 754 4319 relictas
779 4267 885 4320 sumat.
908 4255 1061 4320 habenas.

271 4481 277 4509 ¹
301 4484 422 4533 Fortasse
444 4490 560 4545 ,aarum
583 4485 688 4548 scripsit
711 4485 738 4534 a.
