3016 5310
196 425 261 488 176
670 441 748 476 mm
766 441 855 477 ⁸0¹³ss

301 637 387 701 Ante
411 657 486 700 suos
509 658 606 721 quam
630 634 776 700 delubris
798 637 941 722 patiatur
962 635 1100 701 honores

301 741 434 806 Auferri
456 742 626 807 instituive
649 765 751 807 novos
775 743 945 808 insuetave
968 764 1070 808 saera.

388 848 464 913 Non
486 847 660 913 illaudatos
683 847 742 912 ulli
765 870 827 914 nee
849 850 983 914 Prussia
1006 872 1122 936 segnes

299 954 473 1020 Pontifices
497 956 622 1019 sortita:
645 965 722 1019 tuus
746 957 782 1040 si,
806 956 949 1040 varnis„
972 954 1102 1043 praesul

196 1081 265 1124 tao.
300 1059 469 1145 Prodierit‚
492 1082 660 1147 superesse
683 1060 773 1146 nihil,
796 1084 860 1148 quo
884 1062 1004 1147 vineat7
1030 1061 1196 1148 agendum

299 1166 403 1231 Roma
424 1178 548 1254 putem3
573 1177 622 1231 sat
645 1169 706 1232 erit
729 1167 839 1232 multis
862 1191 920 1254 pro
944 1167 1076 1234 milibus
1100 1191 1196 1254 unus,

300 1271 364 1338 Seu
388 1283 495 1337 sumat
519 1273 660 1338 calamos
684 1274 829 1338 Hosiusl
852 1275 922 1339 sive
944 1296 1001 1339 ora
1023 1273 1180 1340 recludat.

299 1379 459 1444 Doetrina
482 1401 522 1444 ae
544 1379 651 1444 studio
674 1391 842 1467 praestans
866 1404 927 1447 nee
950 1381 1095 1446 moribus
1116 1381 1205 1447 idern

299 1486 418 1550 Vitave
440 1485 575 1551 inferior
597 1487 738 1574 iustique
760 1488 883 1574 peritus
906 1498 938 1553 et
960 1489 1064 1574 aequi.

195 1614 264 1658 aas.
299 1593 462 1677 Hannoni,
485 1593 622 1679 Kompa
647 1592 894 1679 Eustachium
918 1595 1061 1660 carmine
1083 1594 1234 1680 iungam,

299 1699 389 1778 Quos
414 1699 558 1764 studium
581 1700 689 1763 iunxit
710 1701 839 1786 pietatis
863 1712 894 1765 et
917 1699 1021 1765 ardna
1043 1701 1150 1765 virtus

298 1806 497 1892 Vermiaque
520 1805 686 1871 Aonidum
709 1806 831 1872 eultrix
853 1807 1007 1894 urbisque
1030 1807 1171 1892 Quirini,

297 1913 489 1999 Flagrantes
512 1915 594 1978 miro
618 1924 712 1979 notae
735 1915 863 2000 pietatis
887 1937 1003 1980 amore.

298 2020 394 2086 Ferte
418 2020 529 2105 Hosio,
552 2021 686 2104 debetis,
711 2044 805 2108 epam
828 2021 1007 2107 studiisque
1028 2020 1174 2086 volentes

194 2148 262 2190 tto.
297 2127 427 2214 lungite
449 2151 516 2212 vos,
539 2126 640 2192 hostis
663 2128 855 2192 iamdudum
877 2138 969 2214 terga
992 2128 1161 2213 prementi.

385 2234 450 2299 Res
474 2257 600 2321 quoque
623 2235 786 2299 Romanas
810 2236 1006 2322 antiquaque
1029 2256 1123 2299 saera
1146 2245 1280 2299 secutus-

296 2341 441 2406 Antistes
465 2341 706 2427 Lubodeoius‚2
729 2365 792 2429 quo
813 2342 929 2408 Culma
952 2342 1047 2407 beata
1070 2352 1128 2426 est,

296 2448 405 2513 Mente
429 2448 533 2513 aderit
557 2459 723 2535 promptus
747 2447 925 2535 latiumque
949 2448 1122 2514 adsidere
1144 2471 1261 2513 nomen

298 2553 363 2620 Ore
386 2556 440 2641 pio
463 2555 545 2619 seret
568 2564 599 2619 et
621 2556 751 2619 meritos
775 2554 927 2620 desendet
950 2555 1096 2620 honores.

192 2683 261 2725 tis.
386 2661 431 2725 Hi
454 2661 514 2726 tibi
537 2661 715 2748 pontifices,
739 2662 926 2748 Lipomane,
949 2661 1139 2727 ardentibus
1162 2661 1256 2726 ibunt

294 2767 429 2833 Auxilio
452 2767 578 2853 studiis,
601 2767 686 2831 ultro
708 2778 766 2832 tua
789 2778 903 2855 eoepta
926 2773 1128 2854 sequentest

382 2981 453 3046 Nee
475 3004 555 3068 quos
578 2980 664 3045 bella
687 2982 801 3045 iuvant
832 2991 864 3046 et
895 2981 1030 3045 martius
1053 2982 1175 3046 exeitat
1204 2981 1325 3045 hostem

295 3086 415 3155 Contra
438 3111 537 3173 amor,
560 3111 599 3153 ae
622 3089 734 3174 positis
758 3098 898 3174 stragem
921 3086 985 3152 late
1008 3087 1105 3152 edere
1128 3088 1253 3171 eastris⁷

294 3196 382 3259 Laus
406 3195 524 3282 quibus
548 3207 596 3260 est
618 3195 715 3281 patrii
739 3206 770 3259 ot
792 3195 873 3260 fines
896 3194 1075 3281 producere
1097 3195 1200 3280 regni,

190 3323 258 3365 tao.
292 3302 387 3366 Iussa
410 3302 645 3388 exspectabunt
668 3301 790 3367 resides
814 3301 1015 3388 aderuntque
1039 3301 1194 3366 volentes.

384 3409 444 3472 llle
466 3420 557 3495 pater
580 3411 704 3495 patriae
727 3407 874 3493 belloque
898 3407 1070 3493 imperdita
1092 3408 1206 3492 virtus,

296 3515 398 3581 Cuius
422 3516 510 3580 sarna
534 3518 657 3602 ingens,
682 3515 780 3578 nullis
804 3514 951 3579 delebilis
976 3515 1079 3600 annis,

295 3622 468 3687 Excedens
491 3624 594 3708 terris,
618 3632 716 3709 eaput
739 3623 824 3687 inter
847 3622 960 3686 nubila
984 3621 1103 3707 condit,

295 3729 508 3814 Tarnoviusi,
531 3732 624 3794 terris
649 3729 732 3793 alius
755 3730 821 3792 iam
843 3738 956 3815 partus
979 3728 1124 3794 Aehilles

295 4046 301 4075 ¹
322 4047 472 4098 Stanislaus
492 4050 590 4098 Hosius
610 4050 748 4115 episcopus
767 4048 923 4098 termiensis
943 4063 984 4099 aa.
1007 4045 1193 4112 tout-1579,
1211 4063 1237 4099 a.
1260 4043 1323 4100 1561

188 4135 333 4186 cardinalis
352 4137 485 4203 dignitate
504 4146 621 4188 ornatus.

296 4223 306 4252 ²
327 4228 438 4276 loannes
458 4226 637 4276 Lubodzisski
658 4243 699 4276 aa.
721 4225 905 4277 tabl-1562.

297 4313 307 4340 ³
327 4314 468 4366 Clauditur
487 4315 550 4364 ordo
569 4317 722 4379 praesulum
741 4316 961 4380 sacerdotumque
980 4316 1057 4382 regni
1074 4315 1210 4367 Poloniae.

167 4460 170 4466 ,
295 4402 306 4431 ⁴
325 4405 447 4467 loannes,
467 4402 630 4454 castellanus
650 4404 837 4468 cracoviensis,
850 4421 968 4455 summus
981 4404 1058 4471 regni
1069 4403 1198 4456 Poloniae
1217 4405 1326 4469 impera·

188 4498 239 4554 tor,
258 4491 290 4542 de
309 4507 360 4557 quo
379 4493 471 4543 confer
489 4508 596 4544 carmen
617 4494 728 4545 funebre
747 4492 775 4543 in
795 4494 851 4545 eius
871 4494 946 4545 obitu
964 4510 1008 4559 pg.
1029 4491 1081 4545 126
1100 4508 1156 4558 sqq.
