3016 5310
345 457 379 489 ne
398 456 492 492 aaran.
512 455 666 491 suerranum
684 455 836 490 sioisuumu
855 457 875 490 u
895 458 928 491 ur
947 457 1128 493 caesanam.
1267 441 1311 505 69

273 647 486 714 Circumdant
509 647 593 711 latus
617 649 768 733 Augusti,
792 651 988 736 propiusque
1010 652 1113 715 secuti

274 755 400 819 Murice
424 753 593 838 fulgebant
618 776 751 819 sarrano
775 779 917 842 auroque
940 756 1113 821 micabant.

364 861 452 925 Ecce
475 871 584 924 autem
607 862 749 947 ootiiugo
773 861 883 928 Balice
907 863 1083 929 Catharina
1106 863 1219 929 relicta

275 968 380 1033 Vecta
403 966 514 1032 aderat
539 989 636 1031 curru
660 970 852 1054 propiorque
875 981 1065 1054 accesserat,
1088 971 1152 1034 alta

168 1095 238 1141 aas.
274 1073 367 1141 Stant
391 1072 447 1138 ubi
470 1084 555 1138 tecta
579 1084 664 1137 ostro
688 1075 794 1139 medio
818 1077 956 1140 tentoria
979 1099 1102 1162 campo.

276 1181 348 1245 Rex
372 1190 407 1244 ut
430 1182 600 1266 conspexit
623 1181 807 1245 venientem
830 1191 861 1245 et
884 1181 969 1246 laeta
992 1194 1190 1268 prementem

276 1288 367 1352 Arva
389 1287 504 1373 gradu,
528 1286 642 1351 obtutu
666 1298 755 1350 stans
778 1289 905 1352 eminus
929 1289 1032 1354 haesit
1056 1291 1090 1353 in
1114 1313 1188 1374 unc,

275 1395 429 1458 Protinus
452 1405 484 1459 et
508 1404 573 1458 toto
597 1397 745 1481 concepit
768 1405 897 1481 pectore
921 1396 1084 1460 llamrnam

277 1501 305 1565 F
306 1501 469 1586 lagrantes
494 1523 630 1586 sponsae
653 1501 763 1565 vultus
787 1511 883 1586 atque
907 1525 962 1565 ora
984 1502 1114 1566 tuendo,

171 1628 242 1671 aso.
276 1606 448 1672 Accedunt
471 1609 676 1692 iunguntque
699 1630 815 1671 manus
839 1618 870 1671 et
893 1607 1007 1671 foedus
1032 1609 1158 1671 amoris,

367 1715 431 1779 Hic
454 1724 499 1797 tu,
522 1714 688 1778 Prerembi
702 1718 721 1798 ¹,
744 1715 852 1778 iussus
876 1715 959 1779 laeto
983 1716 1100 1801 incipis
1123 1737 1186 1800 ore,

279 1821 321 1885 Et
344 1821 444 1886 faudo
468 1822 553 1906 regis
578 1831 768 1906 consaeptum
791 1832 919 1907 pectore
943 1844 1056 1885 narras

207 1989 209 1992 a
279 1929 464 1993 Laetitiam:
489 1951 625 2014 sponsae
649 1927 792 1992 adventu
816 1927 862 1991 nil
886 1929 994 1993 carius
1017 1928 1074 2011 illi,

277 2034 333 2098 Nil
357 2036 461 2120 magis
485 2046 638 2120 optatum⁷
661 2034 707 2097 nil
731 2045 873 2120 tempore
897 2034 1012 2099 laetius
1037 2036 1102 2099 ullo

175 2163 244 2205 aas.
279 2142 347 2205 Aut
371 2141 528 2206 cecidisse
552 2141 629 2205 olim
653 2152 709 2204 aut
732 2141 895 2226 quondam
919 2142 1106 2227 contingere
1128 2163 1230 2228 posse.

280 2248 460 2313 Sarmatiae
483 2247 562 2311 dum
586 2270 637 2311 res
662 2247 759 2311 stabit
783 2270 964 2334 nomenque
987 2249 1155 2331 Polonum,

279 2353 341 2417 Illa
365 2352 434 2418 dies
458 2355 546 2418 omni
569 2376 695 2439 semper
718 2353 935 2417 celebrabitur
958 2377 1038 2418 aevo

280 2461 369 2525 Inter
392 2462 541 2526 fortunae
564 2461 705 2526 melioris
728 2471 873 2548 tempora
896 2462 989 2527 laeta.

280 2567 352 2632 Hoc
376 2589 497 2652 socrus,
520 2568 581 2632 hoe
604 2568 719 2654 glores,
742 2568 803 2633 hoc
828 2571 969 2654 Augusti
994 2571 1165 2634 comitatus

175 2697 245 2740 ato.
280 2675 477 2760 ingeminat:
503 2698 616 2761 campo
640 2675 767 2738 excitus
792 2675 865 2739 ferit
889 2675 1019 2739 aethera
1042 2676 1172 2740 clamor.

371 2781 473 2865 Tunc,
498 2781 592 2846 celsis
617 2781 834 2845 Vratislaviae
858 2783 912 2867 qui
937 2783 1097 2868 praesidet
1121 2783 1194 2847 aris.

280 2888 430 2952 Baltasar
453 2889 587 2952 antistes
612 2888 706 2953 docto
728 2890 961 2953 Prumnieius²
984 2912 1037 2952 ore

280 2996 455 3082 Incipiens,
478 3018 593 3080 regum
617 2995 722 3060 fasces
746 3007 777 3060 ot
801 3006 927 3081 sceptra
950 3005 1078 3059 vetusta

280 3102 474 3166 Austriacae
497 3102 707 3166 memoranda
730 3102 845 3165 domus
869 3101 1030 3183 narrabat,
1054 3110 1085 3165 et
1108 3099 1184 3165 inde

176 3231 247 3274 ata.
284 3209 482 3295 Prognatam
505 3211 605 3295 patris
629 3208 840 3275 Oatliurinam
862 3209 992 3272 nomine
1015 3208 1100 3293 regis

281 3316 446 3380 Fernandi
471 3317 620 3401 Augusto
643 3317 713 3401 regi
736 3317 868 3401 regique
893 3317 1008 3379 marito

280 3423 401 3488 Contra
417 3423 518 3506 offert,
541 3422 649 3506 „haee
665 3445 724 3485 rex
741 3424 897 3507 Auguste,
914 3422 993 3485 hacc
1011 3421 1166 3503 scilieet'“,
1182 3419 1315 3504 addens,

285 3528 395 3613 „Quos
418 3540 528 3615 raptae
553 3529 700 3592 Elisabes
726 3529 793 3592 fata-
816 3530 988 3592 immatura
1013 3528 1130 3591 sororis

284 3635 444 3702 Sarmatia
468 3638 501 3699 in
526 3658 645 3721 magna
667 3636 775 3700 luctus
799 3635 1013 3722 planctusque
1037 3635 1153 3715 oicre³,

182 3763 247 3808 aso.
284 3744 517 3829 lugentemque
541 3753 597 3805 tuo
621 3742 764 3806 defixum
789 3742 886 3806 eorde
910 3741 1052 3805 dolorem

283 3850 398 3913 Leuiet
421 3861 452 3914 et
476 3862 542 3914 toto
565 3851 694 3935 penitus
718 3848 758 3913 tle
782 3860 910 3934 pectore
933 3847 1031 3911 tollet.

281 3955 422 4019 Mutabit
446 3979 550 4040 curas,
574 3957 791 4041 nequicquam
817 3954 965 4019 Sarmata
988 3954 1095 4017 tristes

283 4062 428 4126 Eventus
452 4064 561 4125 ultimo
585 4084 696 4127 secum
719 4061 880 4146 reputabit
906 4083 1024 4124 amara.

184 4189 331 4197 ——--.-·
344 4192 383 4197 ...-

286 4250 292 4278 ¹
313 4254 426 4303 loannes
448 4253 638 4313 Przerernbski,
661 4261 716 4300 turn
737 4250 974 4301 vicecancellarius
994 4250 1070 4315 regni
1088 4248 1181 4300 Polou.

285 4339 439 4392 ²Baltasar
461 4342 493 4392 de
516 4341 657 4401 l'romuitz,
677 4341 816 4405 episcopus
837 4339 1055 4389 Vratislaviensis
1075 4354 1116 4388 aa.
1138 4334 1326 4389 1539-1562.

286 4429 391 4483 ³Ciere
421 4440 462 4482 est
488 4432 642 4497 perlectum.
675 4435 773 4480 Sensus
802 4428 846 4478 hic
875 4437 929 4479 est:
962 4427 1029 4478 haec
1047 4423 1217 4494 (Catharina)
1234 4425 1324 4477 luctus

179 4517 362 4587 planctusque,
381 4538 488 4587 quos...
509 4521 587 4581 ciere,
607 4520 838 4585 ingentemque...
860 4517 949 4568 leniet.
