3016 5310
606 500 772 535 nuntiemus.

215 695 417 780 Attonitique
440 704 578 779 stupent,
602 692 695 756 illum
716 692 779 777 hic,
803 692 857 758 hio
881 695 996 779 aspicit
1020 694 1121 779 illum,

164 820 188 864 a.
213 802 245 869 si
268 800 404 866 credant
427 799 498 883 sibi,
523 821 605 885 quae
630 822 739 863 coram
763 811 964 886 cernuntque
986 800 1170 886 videntque.

303 910 357 970 Au
379 928 438 971 rex
462 906 613 969 immanis
637 927 749 968 rursus
772 905 837 969 tela
859 907 960 992 impia
984 930 1091 971 sumes

212 1013 458 1099 Sacrilegasque
480 1034 597 1076 manus
621 1013 747 1097 superis
771 1013 917 1076 infensus
941 1025 972 1077 et
995 1013 1125 1077 aethrae

214 1120 367 1185 Intuleris
393 1119 535 1202 demens,
559 1119 672 1182 divum
695 1129 726 1194 et
751 1119 909 1183 miracula
931 1120 1046 1204 solves,

214 1228 317 1313 Inque
340 1228 450 1290 anima
473 1248 603 1290 cassum
626 1236 682 1288 tua
706 1226 875 1289 strinxeris
899 1248 991 1289 arma
1015 1226 1177 1291 cadaver?

163 1356 185 1398 o.
212 1333 332 1414 Quanti
357 1333 443 1416 olim,
467 1331 593 1416 infelix,
616 1331 688 1415 heu,
712 1333 824 1417 quanti
848 1334 1009 1418 optaveris
1032 1342 1176 1419 emptum

214 1440 405 1504 Pontificem
428 1438 587 1502 intactum
609 1449 641 1502 et
663 1459 793 1502 sacrum
816 1460 963 1502 servasse
986 1440 1156 1503 cruorem?

214 1546 292 1610 Mox
312 1568 422 1632 regne,
448 1582 489 1592 -
512 1543 611 1608 breve
633 1553 760 1630 tempus
784 1545 853 1628 erit,
876 1584 915 1593 -
942 1545 1095 1631 depulsus
1119 1547 1206 1610 avito

215 1653 358 1739 Lugebis
381 1663 438 1715 tua
461 1652 557 1734 facta,
581 1651 674 1715 exsul
697 1661 783 1715 tecta
806 1662 917 1716 extera
939 1674 1106 1737 quaerens.

302 1759 450 1826 Condere
473 1780 591 1844 corpus
613 1757 703 1820 humi
727 1769 940 1843 sanctumque
961 1758 1080 1823 inferre
1103 1758 1253 1845 sepulcro

165 1885 186 1929 a.
213 1866 354 1952 Tempus
377 1876 454 1948 crat,
478 1863 568 1928 nullo
590 1887 632 1928 ne
655 1886 792 1949 magnus
816 1863 936 1929 honore
959 1866 1079 1929 iaceret

214 1973 349 2061 Martyr,
372 1994 493 2058 magua
514 1970 590 2036 licet
613 1970 732 2057 populo
756 1982 901 2057 spectare
924 1971 1025 2034 libido

215 2078 378 2144 Praesulis
400 2101 456 2142 ora
480 2078 539 2161 sui,
563 2099 623 2141 nec
648 2100 681 2142 sc
703 2079 820 2143 satiare
843 2077 985 2142 videndo

217 2185 355 2249 Attoniti
378 2185 512 2270 possint,
535 2196 591 2247 aut
614 2184 680 2247 fixa
704 2184 845 2248 cadaver
868 2185 901 2247 in
924 2185 1031 2271 ipsum

216 2291 357 2354 Lumina
378 2301 410 2355 et
433 2292 574 2355 intentas
598 2290 728 2355 valeant
752 2301 896 2356 ovomere
920 2300 1051 2355 mentes.

166 2415 187 2458 o.
213 2399 254 2462 At
274 2397 408 2462 tandem
431 2397 510 2460 daut
533 2418 651 2483 corpus
673 2397 772 2461 humo
795 2397 916 2484 vilique
940 2397 1064 2462 locatus

216 2507 360 2591 Aggesta
382 2526 400 2567 e
423 2513 508 2568 tcrra
531 2503 656 2567 tumulo
680 2504 900 2591 Scepanovius
923 2504 1026 2589 heros,

217 2611 379 2675 Maximus
402 2610 513 2695 exigui
537 2611 628 2673 iuxta
651 2611 735 2674 iacet
758 2612 839 2674 ostia
862 2611 982 2698 templi.

216 2718 288 2782 Non
312 2716 360 2781 illi
382 2716 521 2803 populus
545 2716 622 2780 duro
645 2719 813 2780 marmoris
837 2740 935 2781 ausus
958 2717 1105 2801 honores,

216 2823 287 2888 Non
312 2824 397 2887 intra
421 2822 557 2887 delubra
580 2822 672 2886 illum
695 2824 856 2889 tumulare
879 2824 1026 2903 deorum3

168 2947 189 2991 t.
212 2930 284 2994 Non
308 2929 446 3014 lugubre
471 2940 592 2993 canunt
616 2930 777 2994 tumulum
801 2953 861 2995 nec
885 2933 1027 2996 carmine
1053 2933 1191 3016 signant.

216 3036 307 3100 Talia
332 3036 359 3099 si
382 3036 513 3120 faciant,
538 3058 671 3100 saevum
694 3038 830 3101 timuere
852 3048 1030 3126 tyrannum

215 3143 437 3228 Funestasque
460 3165 585 3226 manus,
608 3144 724 3207 iterum
748 3167 788 3208 ne
812 3143 903 3207 dirus
926 3145 960 3207 in
984 3166 1056 3207 aras

217 3250 322 3313 Irruat
346 3259 377 3314 et
400 3249 512 3313 clausa
535 3273 646 3313 manes
671 3250 830 3315 disturbet
854 3251 894 3314 ab
920 3273 1010 3335 urna,

215 3357 468 3442 Pontificemque
492 3380 586 3420 suum
611 3357 719 3422 videat
742 3359 900 3423 Cracovia
924 3369 1054 3422 centum

168 3476 189 3520 ⁰·
214 3462 343 3528 Sectum
367 3464 401 3526 in
426 3464 530 3527 frusta
553 3465 669 3528 iterum
694 3464 919 3550 discerptaque
942 3465 1100 3551 praesulis
1124 3487 1189 3528 ora.

303 3571 377 3634 Non
400 3569 481 3634 haec
504 3571 658 3633 finitimas
681 3581 807 3634 tantum
830 3571 963 3657 vulgata
985 3595 1043 3657 per
1064 3571 1160 3635 urbes

216 3676 244 3739 It
267 3677 356 3741 fama
375 3687 407 3741 et
430 3676 562 3740 crudele
586 3679 690 3757 nefas,
714 3702 778 3741 non
803 3678 942 3764 frigidus
966 3680 1047 3760 axis,

217 3782 283 3848 Nec
307 3782 366 3847 soli
390 3782 452 3847 hoc
476 3794 597 3870 septem
622 3785 720 3849 funus
741 3785 858 3850 flevere
881 3787 1013 3849 triones:

216 3888 278 3954 Ros
302 3889 366 3954 late
389 3891 512 3954 exierat
535 3891 717 3977 populoque
741 3892 852 3956 audita
876 3894 993 3957 Latino
1016 3902 1063 3956 est

168 4011 189 4057 ὁ.
216 3995 454 4082 Hesperiaequc
477 3999 573 4061 omni.
605 3999 675 4062 Iam
698 3999 876 4087 Thybridis
900 3998 1012 4063 accola
1035 3998 1125 4084 luget

216 4102 454 4189 Romuleusque
476 4114 575 4190 pater,
599 4106 682 4168 vasti
706 4106 801 4169 datus
825 4106 946 4170 arbiter
968 4105 1063 4181 orbis,

216 4217 388 4282 Terrarum
412 4218 557 4304 caelique
581 4231 693 4305 potens
717 4222 892 4307 nigraeque
915 4220 1090 4306 gehennae,

216 4323 378 4410 ingemuit
401 4325 500 4389 caede
523 4326 635 4390 audita
660 4326 873 4414 lacrimasque
894 4328 1051 4414 profudit3

216 4430 453 4517 Excideratque
477 4456 573 4519 aegro
597 4457 695 4520 prope
719 4436 839 4499 vertice
863 4437 1070 4519 sacratiora,

166 4550 187 4594 0·
212 4537 399 4624 Dextraquc
423 4540 479 4602 vix
503 4550 666 4626 sceptrum
690 4543 802 4625 tonuit,
827 4542 1000 4628 cubitoque
1024 4555 1168 4607 moratus
