3016 5310
565 472 719 506 radamus.

287 771 352 839 De
379 770 525 852 soyzn
550 770 643 838 vita
667 769 985 851 operibusque.

163 1123 166 1126 Ι
202 1035 224 1094 Ι.
254 1036 298 1094 De
318 1034 428 1106 Royztt
448 1037 524 1092 ante
544 1036 718 1093 adventum
738 1034 770 1091 tn
790 1034 957 1093 Polontam
978 1033 1067 1092 tatis.

168 1200 288 1263 Petrus
311 1198 453 1286 Royzius
476 1197 631 1261 Maureus
654 1197 724 1260 sive
747 1195 883 1282 hispano
906 1197 1036 1260 nomine
1059 1196 1140 1260 Ruiz
1165 1196 1212 1261 de

61 1305 168 1370 lloros
193 1314 291 1369 natus
314 1300 491 1369 essnobili
513 1285 632 1389 genere
655 1304 769 1389 primis
786 1302 852 1367 fere
869 1302 992 1367 saeculi
1007 1303 1093 1367 XVI
1109 1305 1210 1368 annis.

59 1411 256 1498 Alcagnitii,
280 1413 314 1476 in
337 1410 518 1498 Hispaniae
541 1410 763 1495 aragoniensis
788 1410 974 1496 municipio,
1004 1410 1045 1473 ad
1071 1409 1204 1475 Guada-

59 1518 152 1606 Iopen
178 1518 334 1602 flurium,
357 1519 412 1604 qui
436 1517 543 1581 influit
566 1517 598 1580 in
622 1517 771 1593 Iberum,
796 1518 870 1598 sit03
900 1517 986 1582 unde
1011 1518 1204 1603 cognomina

60 1627 212 1713 hispani,
236 1625 401 1711 Celtiberi,
424 1624 673 1709 Aleaguicensis
696 1626 819 1689 nomini
844 1648 902 1689 suo
926 1625 1112 1690 adscribere
1129 1624 1205 1689 soli·

59 1742 116 1817 tus,
139 1733 309 1798 interdum
333 1734 431 1796 etiam
455 1732 524 1818 ipso
548 1741 661 1818 poetae
676 1731 890 1818 gadalophaei
906 1733 1035 1796 nomine
1054 1754 1130 1795 usus
1146 1743 1211 1797 est..

59 1838 192 1905 Patrem
208 1839 322 1905 habuit
337 1840 528 1924 Martinum,
551 1840 724 1926 patricium
741 1838 1011 1925 alcagnicensem.
1036 1838 1206 1903 Elementa

60 1945 244 2012 litterarum
274 1947 306 2010 iu
333 1946 414 2011 urbe
436 1947 540 2034 patria
564 1946 679 2011 didicit
709 1945 819 2032 ibique
851 1969 928 2010 usus
960 1957 1008 2009 est
1040 1947 1206 2031 magistris

60 2056 163 2141 primo
189 2053 351 2136 Sobraria
375 2053 492 2119 deinde
511 2065 584 2141 post
599 2053 745 2118 eiusdem
763 2063 899 2118 mortem
915 2052 1003 2118 Olito
1020 2052 1059 2115 ad
1078 2054 1203 2116 romani

60 2161 183 2246 ingenii
208 2170 418 2225 monumenta
441 2160 675 2246 cognoscenda.
699 2160 828 2224 Deinde
844 2158 972 2224 Ilerdae
988 2159 1151 2241 (heridac)
1168 2161 1202 2222 in

61 2267 166 2332 studio
191 2266 347 2353 generali,
370 2267 455 2353 quod
479 2291 507 2331 a.
533 2268 619 2333 1300
643 2266 810 2332 conditum
835 2268 868 2330 in
891 2289 929 2331 ea
952 2266 1032 2331 urbo
1055 2278 1125 2331 tum
1145 2267 1203 2331 flo-

60 2376 131 2459 ruit,
155 2374 224 2438 iuri
248 2374 408 2460 imprimis
432 2397 565 2438 romano
589 2396 720 2461 operam
736 2374 880 2439 navavit.
904 2375 976 2455 Quo
991 2384 1100 2439 tamen
1117 2397 1205 2438 anno

62 2480 204 2546 ilerdam
229 2503 263 2545 se
286 2481 473 2559 contulerit,
497 2479 652 2568 quamdiu
676 2482 720 2545 ibi
746 2483 779 2545 in
803 2481 920 2545 studiis
943 2492 1109 2564 versatus,
1132 2481 1204 2568 qui-

62 2587 116 2651 bus
140 2588 310 2672 magistris
334 2587 465 2652 adiutus
489 2589 653 2672 sit,‚cum
684 2588 753 2674 ipse
782 2589 1042 2652 memoriaenon
1068 2587 1205 2652 manda-

63 2696 159 2776 verit,
193 2695 406 2760 universitate
436 2694 591 2759 ilerdensi
623 2695 751 2760 sublata
781 2693 1005 2783 tabulatisque
1035 2695 1105 2760 eius
1133 2695 1203 2780 igni

65 2800 163 2866 deleto
188 2802 221 2864 in
247 2801 386 2867 obscuro
408 2802 501 2867 iacet.
539 2801 579 2865 Id
602 2801 733 2889 quidem
765 2802 896 2866 indiciis
919 2803 1105 2889 posterioris
1132 2803 1203 2866 eius

64 2909 144 2974 ritae
175 2907 268 2972 ducti
299 2929 358 2995 pro
389 2921 478 2974 certo
501 2908 569 2974 fere
592 2909 757 2974 affirmare
780 2909 938 2974 audemus
961 2932 1035 2974 eum
1060 2910 1149 2974 circa
1172 2931 1200 2973 a.

67 3016 146 3080 1530
170 3025 202 3080 et
227 3016 329 3079 sacris
352 3016 515 3080 initiatum
539 3016 712 3081 diaconum
737 3039 807 3081 esse
831 3016 963 3102 factum,
987 3028 1018 3082 et
1042 3018 1120 3080 satis
1136 3018 1202 3080 iam

65 3124 199 3207 peritum
224 3121 327 3187 fuisse
350 3123 556 3208 antiquarum
581 3121 772 3208 litterarum,
796 3125 906 3210 utique
930 3125 1010 3187 iuris
1029 3123 1138 3188 civilis
1154 3134 1203 3188 at-

65 3251 120 3314 que
143 3231 306 3295 canonici.

164 3336 229 3404 Sed
253 3346 327 3400 utut
350 3347 419 3400 tum
442 3338 597 3424 temporis
621 3340 767 3402 animum
791 3337 957 3402 excultum
982 3337 1104 3422 habuit,
1128 3360 1203 3402 eru·

66 3441 180 3508 ditione
204 3445 238 3507 in
262 3445 368 3530 patria
387 3455 480 3530 parta
496 3446 702 3530 acquiescere
718 3444 821 3508 noluit
837 3444 988 3533 Royzius.
1013 3444 1110 3509 Italia
1128 3469 1202 3509 cum

66 3551 246 3637 antiquitus,
269 3562 340 3614 tum
363 3573 440 3616 vero
463 3562 535 3638 post
558 3564 670 3615 renata
695 3553 897 3638 antiquitatis
913 3552 1021 3615 studia
1038 3553 1204 3639 Hispanis,

68 3658 143 3722 sicut
167 3659 285 3722 ceteris
308 3658 460 3745 Europae
483 3658 644 3745 gentibus,
668 3661 786 3722 artium
811 3660 1083 3744 scientiarumque
1111 3659 1206 3725 sedes

68 3765 261 3850 censebatur,
294 3765 521 3853 Hispanosque
544 3766 578 3830 in
603 3765 732 3830 Italiam
757 3766 904 3831 discendi
928 3767 1033 3851 gratia
1056 3769 1203 3853 peregri-

68 3882 190 3936 naturos
207 3870 309 3935 multa
326 3873 358 3935 iu
376 3871 446 3937 dies
462 3873 567 3958 magis
583 3872 741 3937 adiuvare
758 3872 963 3937 videbantur.
988 3872 1203 3938 Iama.1364

70 3976 269 4042 dlbornotius
294 3977 427 4060 (Oarillo
450 3978 491 4044 de
514 3978 700 4063 Albornoz),
732 3979 908 4044 cardinalis
936 3978 1203 4066 archiepiscopus

70 4082 236 4167 toledanus,
260 4086 313 4149 vir
329 4108 439 4150 rerum
456 4086 660 4172 publicarum
677 4087 860 4174 artiumque
876 4087 1100 4173 peritissimus,
1124 4109 1199 4151 oum

71 4187 96 4250 iu
117 4190 211 4255 Italia
234 4204 498 4277 commoraretur,
523 4194 695 4276 Bononiae,
719 4194 753 4257 in
777 4191 834 4257 illa
853 4194 973 4256 artium
989 4193 1203 4258 celeberrima

74 4314 148 4381 arce,
177 4297 353 4386 hospitium
378 4301 605 4385 magnificum,
636 4301 733 4366 aedes
765 4299 889 4385 amplas
917 4300 1088 4387 hortosque
1112 4323 1201 4366 com-

74 4398 210 4489 plectens,
232 4406 390 4493 hispanae
413 4407 574 4472 iuventuti
600 4407 764 4473 studiosae
787 4409 848 4473 sub
865 4409 1044 4494 patrocinio
1061 4409 1110 4474 sti.
1127 4408 1202 4475 Ole-

76 4513 175 4574 neutis
198 4514 336 4599 pecunia
360 4536 419 4577 sua
443 4515 679 4579 instituendum
703 4527 876 4579 curaverat
899 4516 1041 4601 adeoque
1065 4514 1208 4601 largiter
