3016 5310
745 1425 773 1488 8.

727 1622 782 1672 Ad

393 1743 683 1809 NIOOLAUM
715 1742 1125 1827 RADIVILONEM,

623 1886 709 1936 virum
728 1886 872 1949 illustrem,

513 2048 966 2120 EPITHALAMIUM
985 2044 1001 2118 ¹.

291 2253 446 2339 Coniugii
469 2254 560 2318 Deus
584 2263 632 2317 est
656 2263 780 2318 auctor:
805 2255 860 2340 qui
884 2255 1030 2340 iungitur
1053 2254 1138 2336 uilia,

382 2359 465 2443 Heu,
490 2360 559 2424 sine
582 2360 752 2446 coniugiis,
775 2361 922 2445 iungitur
945 2360 1066 2446 absque
1089 2361 1170 2425 Dee.

291 2466 444 2551 Iungitur
466 2464 589 2551 absque
612 2466 692 2549 Deo,
715 2475 883 2552 terraeque
906 2467 1032 2529 invisus
1055 2477 1087 2530 et
1111 2468 1217 2552 astris,

382 2572 516 2658 Absque
538 2573 610 2636 Dan
633 2574 724 2657 vivit,
747 2573 866 2637 oceidit
889 2572 1011 2658 absque
1034 2573 1115 2638 Deo,

289 2839 298 2867 ¹
318 2839 393 2889 Cous.
409 2837 516 2888 titulum
527 2838 660 2903 integrum
672 2839 698 2887 in
711 2840 793 2903 praef.
812 2840 911 2889 Tertus
923 2838 1002 2888 huius
1013 2839 1140 2889 carminis
1154 2839 1250 2890 nititur
1263 2838 1333 2890 libro

181 2928 255 2995 typis
275 2929 332 2978 sius
350 2927 414 2977 anni
434 2926 537 2991 locique
556 2934 621 2976 nota
642 2927 778 2991 impresso,
798 2927 843 2992 qui
861 2934 1017 2978 asservatur
1032 2927 1058 2976 in
1072 2926 1237 2979 bibliotheca
1250 2929 1328 2978 Osso-

178 3017 262 3069 iinea.
288 3015 436 3078 Radirilus,
463 3015 506 3065 cui
526 3031 633 3065 carmen
652 3014 804 3078 dedicatur,
830 3023 871 3065 est
889 3015 1017 3066 Nicotaus
1035 3016 1173 3067 Janowioa
1197 3031 1332 3066 armornm

179 3108 283 3172 Trqby,
303 3106 386 3171 Niger
405 3104 618 3168 cognominatus,
644 3104 689 3169 qni
709 3104 813 3155 iuvenis
838 3112 983 3170 peragrata
1002 3111 1059 3154 tota
1084 3105 1140 3155 sere
1161 3106 1270 3170 Europa
1288 3120 1332 3155 ex·

179 3196 275 3247 tremis
300 3194 354 3244 iam
378 3193 542 3258 sigismundi
567 3195 579 3241 1
605 3193 676 3258 regis
701 3193 779 3243 annis
804 3193 911 3258 ingenio
936 3193 1071 3259 animique
1094 3192 1170 3244 cultu
1194 3192 1331 3244 inclaruit

180 3286 300 3334 Auctore
322 3281 490 3348 sigismundo
510 3285 640 3347 Angusto,
659 3282 704 3345 qui
723 3290 831 3347 propter
850 3283 994 3346 Barbarae,
1014 3282 1110 3331 rororis
1123 3282 1180 3333 eins
1193 3280 1332 3347 patruelis,

179 3388 309 3434 amorem,
329 3372 447 3436 impense
467 3372 489 3420 ei
510 3371 628 3434 favebat,
647 3370 681 3420 ad
704 3372 863 3421 Germaniae
883 3371 992 3421 comitia
1010 3371 1114 3436 legatus
1127 3370 1234 3434 missus,
1253 3385 1270 3420 a
1283 3371 1332 3421 Oa·

181 3461 239 3511 rolo
259 3463 290 3523 V,
309 3460 469 3525 imperatore
488 3459 530 3508 sti.
551 3460 654 3509 romani
682 3459 795 3524 imperii,
824 3459 953 3524 principis
972 3460 999 3508 in
1019 3458 1107 3523 Olyka
1132 3468 1160 3509 et
1184 3457 1332 3511 ursmaro

181 3548 292 3599 titulum
317 3547 518 3610 hereditarium,
544 3564 566 3598 a.
594 3546 662 3599 1547
683 3548 856 3613 impertitum,
881 3548 908 3596 in
933 3548 1048 3614 patriam
1073 3547 1179 3598 rettulit
1199 3547 1334 3612 facileque

181 3638 308 3699 obtinuit,
327 3645 358 3687 ut
377 3636 483 3687 litterae
502 3636 590 3686 Caroli
610 3653 626 3686 a
646 3636 815 3702 sigismundo
835 3640 957 3702 Augusto
976 3653 1038 3702 rege
1057 3635 1270 3701 Polonorumque
1288 3651 1331 3686 oo-

184 3727 267 3777 mitiis
286 3742 310 3776 a.
332 3723 401 3777 1549
420 3727 665 3789 comprobarentur·
685 3725 868 3776 cancellarius
887 3726 1031 3776 Lituaniae
1050 3741 1074 3775 a.
1091 3723 1168 3787 1550,
1187 3740 1259 3775 anno
1272 3731 1334 3790 post

183 3816 266 3866 etiam
286 3816 421 3881 palatinus
441 3815 575 3865 Vilnansis
596 3817 683 3866 faetus
704 3822 752 3866 est.
785 3819 862 3864 Auno
883 3814 949 3865 1561
970 3831 1024 3879 rex,
1049 3814 1177 3880 quamdiu
1200 3814 1258 3879 ipse
1283 3816 1331 3865 ab·

182 3912 268 3967 esset,
294 3921 445 3970 supremum
476 3904 619 3954 Lituaniao
648 3905 813 3969 praefectum
839 3920 899 3954 cum
924 3903 1099 3954 creandorum
1124 3903 1334 3969 magistratuum

184 3994 242 4044 iure
263 4011 322 4044 eum
342 4009 400 4044 esse
420 3993 510 4042 voluit.

292 4082 367 4145 Quod
387 4098 449 4131 vero
469 4090 547 4147 poeta
566 4083 653 4146 ipsum
673 4082 872 4148 Sigismundum
888 4086 1038 4148 Augustum
1057 4081 1158 4146 nuptiis
1176 4081 1334 4132 interfuisse
1362 4103 1365 4106 ·

184 4173 275 4233 refert,
295 4187 347 4220 uuo
366 4179 438 4221 uerte
458 4186 528 4220 anno
548 4178 736 4234 postmortem
758 4171 879 4220 Elisabes
899 4172 1007 4237 reginae
1027 4167 1120 4235 (1545)
1141 4169 1192 4220 hoc
1209 4169 1269 4221 fieri
1287 4185 1332 4236 po-

186 4260 269 4310 tuisse
289 4266 497 4309 consentaneum
517 4267 570 4322 est,
596 4274 656 4308 oum
677 4268 766 4309 autem
786 4259 926 4308 itadivilns
945 4259 1017 4308 nullo
1037 4257 1116 4309 titulo
1135 4267 1288 4322 exornetur,
1306 4265 1335 4309 et

185 4348 296 4413 nuptiae
314 4363 338 4397 a.
359 4345 429 4398 tato
448 4347 533 4397 bieme
552 4348 704 4398 celebratae
724 4356 751 4398 et
770 4349 856 4413 ipsum
876 4349 927 4398 hoo
946 4364 1052 4398 carmen
1075 4356 1132 4398 tum
1150 4349 1333 4413 conscriptum

183 4453 244 4487 esse
263 4436 405 4487 verisimile
425 4445 472 4487 ast.
499 4438 574 4488 Conf.
595 4438 733 4503 Boniecki,
754 4440 851 4488 Poozet
870 4437 957 4488 rodow
978 4455 1000 4485 w
1022 4440 1061 4488 W.
1083 4439 1129 4487 Ka.
1148 4435 1333 4488 Litewskiem.

188 4528 351 4591 Waremwa,
372 4525 449 4591 1887,
469 4545 512 4593 pg.
533 4526 586 4578 275
605 4543 643 4592 sq.
