3016 5310
263 475 300 509 io
318 474 497 510 norsncsmur
517 474 660 511 anousrmr
679 474 785 509 caanru
804 475 1027 512 consonaroumu.
1150 461 1214 526 221

112 543 250 553 ——--.
279 546 367 551 -ψ-
392 545 494 552 ——.
612 546 631 553 ..-
652 546 720 552 —..1
755 547 900 553 -.-.-——-
1039 549 1070 553 —

112 557 246 566 ——--.-
400 557 486 563 .-—
516 556 721 564 ...——-.-.-.—.-
734 558 901 564 ———.
920 560 1071 566 .———

181 670 302 734 Intenti
326 680 434 755 nutus,
458 671 511 735 cui
535 680 571 734 tu
594 669 683 735 hunc
707 671 858 736 concedis
881 670 1045 757 honorem,

120 798 147 842 a.
182 778 392 863 Exspectant,
415 778 573 863 Auguste,
596 787 679 862 tuos,
702 788 834 864 optcsne
858 801 1000 844 sororem

181 885 235 947 An
259 893 377 968 natam,
401 905 498 969 quam
522 885 673 970 coniugio
697 884 830 969 dignere
854 885 1001 972 superbe,

182 989 275 1054 Uxor
297 1012 380 1076 quae
404 989 470 1055 dici
493 992 594 1077 possit
617 1002 681 1074 tna,
706 993 828 1056 vertice
851 1014 981 1057 sacrum

182 1097 224 1160 Et
247 1094 399 1160 diadema
422 1095 538 1181 ferens,
562 1108 689 1184 sceptro
713 1098 898 1184 spectabilis
922 1121 1029 1184 aureo,

183 1201 378 1269 Sarmatiam
402 1204 503 1290 optati
526 1227 581 1291 spe
605 1215 717 1291 partus
740 1204 862 1292 repleat
885 1228 1026 1271 omnem:

120 1331 147 1374 o.
179 1308 298 1375 Felicis
321 1320 443 1396 partus,
467 1312 582 1396 ingens
606 1312 659 1376 cui
684 1311 813 1376 debitus
837 1311 913 1376 olim

182 1416 357 1481 Terrarum
380 1427 513 1501 tractus,
537 1419 770 1506 septem-plaga
794 1431 870 1483 nota
892 1420 1016 1505 trionis,

184 1522 312 1589 Serviat
334 1533 365 1587 et
389 1525 443 1588 cui
467 1525 693 1590 Sauromatum
717 1550 797 1612 gens
820 1527 933 1592 inclita
955 1525 1048 1611 bello,

183 1630 289 1695 Docta
312 1653 430 1717 graves
453 1643 601 1718 torquere
624 1652 720 1697 arcus
743 1643 774 1697 et
798 1633 923 1720 spicula
947 1634 1062 1698 dextra

183 1737 339 1823 Tendere,
362 1761 428 1803 non
452 1739 576 1804 choreis
601 1751 728 1805 assueta
752 1751 783 1805 et
806 1741 958 1806 mollibus
981 1741 1061 1806 odis.

274 1844 358 1925 Quis
382 1868 472 1911 socer
495 1847 645 1933 Augusto
669 1857 714 1911 tot
737 1849 797 1912 erit
822 1848 862 1913 dc
886 1848 1017 1936 regibus
1041 1871 1136 1935 unus,

184 1950 275 2015 Iusta
298 1975 397 2016 manu
422 1954 477 2039 qui
502 1963 628 2040 sceptra
651 1956 785 2019 tenent?
816 1956 879 2022 cui
902 1957 1037 2021 numina
1060 1956 1159 2022 talem

183 2059 366 2123 Promisere
390 2060 522 2124 virum?
545 2071 595 2125 tcr
618 2061 698 2126 felix
721 2060 777 2125 illa
800 2074 976 2150 quaterque

184 2165 267 2251 Regi
290 2177 392 2253 nupta
416 2169 487 2231 viro
510 2169 766 2233 fortunatissima
789 2180 820 2233 et
844 2168 908 2254 illa,

185 2271 276 2358 Regi,
300 2296 363 2359 quo
388 2297 448 2339 uec
471 2275 594 2339 iustitia
617 2277 735 2362 pietate
758 2298 819 2341 nec
843 2276 924 2341 alter

144 2427 151 2442 .
186 2379 292 2443 Maior
314 2402 374 2444 nec
398 2391 463 2446 toto
487 2383 571 2446 vivit
594 2384 793 2447 mansuetior
815 2383 900 2448 orbe.

186 2485 290 2551 Irasci
313 2489 425 2572 nescit,
449 2489 512 2552 nisi
536 2512 617 2575 quas
641 2488 694 2553 lex
718 2489 831 2554 fecerit
854 2491 928 2574 iras,

186 2592 332 2657 Admissi
356 2593 480 2659 vindex
504 2595 648 2680 sceleris3
673 2597 730 2662 sed
753 2620 886 2686 parcere
910 2597 1052 2662 clemens

186 2699 291 2765 Multa
315 2702 395 2765 viris
419 2713 538 2788 suetus,
561 2727 626 2768 non
651 2706 740 2770 saevi
763 2728 851 2769 moro
873 2706 1007 2794 tyranni

186 2806 264 2872 Fert
287 2807 410 2890 oculos3
434 2808 563 2895 placida
587 2811 713 2896 fulgent
737 2834 830 2877 sacra
852 2812 977 2876 lumina
1000 2811 1113 2877 fronte.

145 2963 152 2978 .
187 2914 248 2981 Ille
271 2915 369 2980 decor
391 2916 582 3005 pulchrique
605 2928 754 3005 aspectus
778 2918 927 2983 amabilis
951 2919 1016 2982 oris

186 3022 338 3109 Leneque
361 3025 512 3090 maiestas
537 3026 672 3113 spirans,
696 3047 755 3090 ceu
780 3026 912 3112 spiritus
935 3025 1000 3090 alto

186 3129 357 3194 Demissns
381 3131 478 3215 caclo,
503 3156 536 3197 se
559 3132 729 3197 effundens
753 3142 872 3197 cuncta
896 3141 1030 3197 serenat.

187 3235 287 3300 Hand
310 3236 460 3323 equidem
483 3261 556 3303 reor
579 3240 722 3326 Augusti
746 3238 807 3304 sub
830 3249 959 3326 pectore
983 3239 1158 3326 quicquam

185 3343 312 3410 Durius
336 3354 392 3408 aut
415 3346 532 3409 animis
556 3347 674 3431 agitari
699 3347 829 3410 saevius
852 3345 930 3410 illis!

116 3498 118 3514 .
144 3501 151 3516 .
187 3449 217 3517 Ο
240 3450 420 3517 fortunatos
445 3454 590 3538 nimium,
615 3476 674 3518 sua
698 3454 725 3517 si
748 3452 833 3517 bona
856 3454 973 3537 norint,

186 3557 418 3644 Sauromatasl,
443 3583 506 3625 uno
531 3560 647 3647 Superi
670 3583 752 3648 quae
776 3561 810 3624 in
833 3583 910 3646 rege
933 3558 1061 3643 dedere,

185 3663 287 3730 Cuius
311 3665 465 3732 caelestes
489 3678 604 3754 aequat
629 3668 801 3733 clementia
824 3667 941 3731 Divos!

274 3772 336 3838 cui
359 3796 459 3859 gener
482 3777 651 3861 Augustus
675 3786 722 3839 tot
746 3775 807 3838 erit
830 3774 871 3838 de
893 3772 1027 3858 regibus
1051 3772 1135 3836 uni?

185 3878 245 3946 Oui
270 3881 323 3944 vir
347 3882 555 3966 magnanimo
578 3892 674 3945 natac
698 3881 739 3946 dc
762 3905 838 3967 rege
861 3879 1013 3968 puellae?

117 4006 151 4051 s.
185 3985 325 4072 Regaies
348 4011 430 4074 <quae
454 3990 525 4052 risa
549 4000 634 4052 toros
660 3988 877 4053 conscendere
901 3988 1010 4074 digna,

187 4094 367 4159 Maerorem
392 4118 484 4159 sacro
507 4097 636 4182 penitus
660 4096 700 4161 dc
724 4106 853 4182 pectore
874 4095 982 4182 pellat,

189 4199 267 4264 Mox
291 4202 377 4289 tyrio
400 4202 505 4287 pullos
529 4215 559 4267 ct
584 4204 708 4267 murice
731 4212 834 4266 mutet
857 4203 1005 4279 amictus,

190 4306 456 4394 Lochiadumquc
480 4311 603 4372 animos
627 4320 658 4373 ct
682 4309 765 4372 tristi
788 4319 919 4394 pectora
943 4333 1022 4373 cura

194 4538 203 4567 ¹
222 4540 301 4605 t'crg.
321 4544 416 4605 Georg.
436 4538 532 4591 1145?
552 4558 589 4604 sq.
