3016 5310
667 448 839 484 naussum.
1256 431 1322 501 291

288 649 359 714 Nec
380 658 414 712 te
436 647 589 713 maiestas
612 647 660 715 sic
682 647 774 732 regia
794 646 884 713 laesa
903 645 1051 713 movebit

342 752 556 841 Armabitqne
577 762 652 819 tuas
673 754 710 818 in
729 753 802 819 iera
824 751 912 820 bella
932 753 1073 821 manus?

227 884 253 927 a.
286 864 388 927 Terra
410 862 502 949 prius
526 860 615 926 caelo
639 883 674 926 se
697 860 839 945 misceat,
862 857 994 925 aethera
1016 864 1145 947 pont01,
1168 900 1212 909 -

341 968 464 1034 Pontus
489 990 599 1055 aquas,
621 966 718 1033 tellus
742 965 879 1053 deneget
901 966 1087 1054 hospitium,

289 1074 397 1154 Quam
420 1073 594 1162 pulchrum
617 1072 718 1139 Leohi
738 1096 844 1160 ¹genus
867 1072 953 1138 hanc
975 1073 1118 1161 patiatur
1140 1072 1287 1160 inultam,

343 1180 436 1262 Quae
457 1181 552 1269 regni
576 1190 703 1271 sceptro
725 1179 831 1269 turpis
850 1179 962 1247 inusta
985 1190 1062 1245 nota
1084 1189 1141 1245 est.

289 1290 383 1373 Aere,
407 1287 484 1373 scio,
506 1296 632 1375 pugnat
655 1286 791 1374 signato,
812 1294 937 1376 pugnat
960 1296 992 1353 et
1014 1308 1069 1353 ore

204 1416 255 1459 ro.
339 1393 464 1459 Fallaci
487 1392 617 1460 Gedani
640 1391 765 1480 perfida
788 1391 966 1480 progenies.

288 1502 445 1587 Excusat,
464 1500 608 1586 redimit,
631 1522 714 1588 quae
736 1499 868 1565 admisit
891 1500 1042 1582 crimina3
1065 1502 1184 1586 vincet,

342 1607 378 1674 Si
400 1619 436 1673 tu
460 1607 649 1673 observator
671 1607 736 1672 oris
759 1615 791 1672 et
814 1607 897 1672 aeris
920 1607 992 1672 eris.

288 1716 379 1779 Dum
402 1737 492 1780 mare
515 1714 685 1800 navigium
709 1723 806 1800 negat
828 1721 859 1779 et
881 1712 1049 1779 nimbosus
1072 1713 1173 1782 Orion

342 1821 425 1886 Esse
447 1820 538 1886 iubet
559 1820 702 1886 tumidas
725 1842 783 1908 per
806 1819 894 1886 vada
917 1820 1002 1887 salsa
1025 1822 1107 1907 uias,

206 1950 256 1993 ss.
289 1927 444 1992 Ambiet¹
467 1929 568 1993 affatu
590 1926 712 1993 blando
735 1949 908 2015 regemque
929 1937 1109 2015 patresque,

344 2033 444 2099 Haud
466 2035 671 2101 Dantiscauo
695 2033 824 2099 dulcior
846 2034 933 2099 ullus
955 2036 1025 2100 erit.

289 2142 351 2206 Ast
375 2141 431 2206 ubi
455 2143 558 2206 tristis
580 2141 684 2207 biems
708 2141 802 2207 cadet
824 2152 855 2207 ct
878 2141 1048 2208 tractabile
1072 2141 1199 2209 caelum

343 2248 502 2314 Pacatum
524 2249 633 2314 nautis
656 2270 714 2336 per
736 2270 825 2314 mare
848 2248 962 2314 reddet
982 2250 1056 2315 iter:

290 2354 380 2434 Quas
403 2376 492 2420 nunc
516 2355 678 2421 submittit
701 2356 855 2440 ceruices,
878 2357 992 2442 eriget3
1016 2378 1121 2441 agnus

202 2483 255 2526 ao.
338 2462 382 2526 Et
405 2463 461 2549 qui
485 2467 556 2527 est⁸
578 2485 668 2528 nunc
691 2463 788 2549 mitis,
810 2473 881 2527 tum
903 2462 954 2527 leo
977 2485 1094 2528 saevus
1117 2464 1188 2528 erit.

290 2568 349 2632 Est
372 2591 463 2633 mora
486 2591 573 2634 mors
595 2568 679 2634 bene
701 2592 769 2635 rem
793 2579 824 2635 et
843 2580 939 2655 recte,
962 2568 1042 2635 mibi
1058 2570 1163 2655 crede,
1179 2571 1327 2657 gerendi3

342 2674 434 2740 Tolle
457 2698 578 2762 omnes,
601 2676 745 2764 prudens
769 2677 796 2741 si
820 2679 916 2764 sapis,
938 2699 1015 2763 ergo
1037 2699 1154 2744 moras.

289 2782 332 2846 Et
357 2783 534 2847 maiestatis
559 2783 752 2848 sceleratum
775 2782 933 2849 ulciscere
956 2784 1093 2866 crimem

343 2890 485 2975 Augusti
509 2900 685 2976 augustum
709 2891 759 2975 sit,
783 2890 845 2976 fac,
869 2899 904 2955 ut
926 2891 1108 2979 imperium.

743 3176 769 3209 n.

530 3298 566 3353 ln
585 3298 809 3355 Gadaueuslum
827 3303 984 3368 patronos.

287 3420 357 3501 Qui
380 3423 602 3488 Dantiscanae
625 3447 743 3490 causae
766 3425 873 3491 studet
896 3424 1072 3513 improbus,
1096 3423 1210 3491 urbem

344 3529 477 3615 Legatis
501 3528 646 3594 clausam
668 3554 730 3597 nec
753 3541 845 3619 putat
868 3555 938 3598 esse
960 3531 1063 3617 nefas,

290 3633 351 3700 Ille
375 3637 443 3700 suis
467 3660 601 3724 peregre
624 3639 759 3704 veniens
783 3640 957 3704 succedere
979 3639 1074 3705 tectis

344 3742 428 3808 (lum
451 3742 538 3808 volet
560 3754 592 3809 et
613 3754 707 3809 notos
730 3745 835 3810 fessus
858 3746 949 3811 adire
971 3745 1064 3831 lares,

229 3869 256 3912 a.
288 3849 460 3913 Portarum
484 3849 612 3915 obiectu
635 3851 748 3937 procul
772 3852 966 3917 excludatur
987 3855 1144 3940 inopsque

344 3954 412 4022 Sub
437 3955 491 4021 dio
515 3957 696 4044 algidulum
719 3959 877 4045 quaeritet
897 3958 1083 4046 hospitium.

291 4149 375 4201 ¹scil.
397 4151 509 4202 miscam
527 4158 607 4202 terra.
633 4153 686 4204 Sed
703 4154 735 4205 1³„
755 4154 869 4203 fortasse
887 4153 1009 4218 scripsit:
1037 4153 1200 4218 „aetbraqus
1218 4155 1326 4218 ponto“.

183 4264 187 4271 ·
290 4237 300 4267 ²
318 4240 388 4290 msti.
410 4241 572 4307 „ambiget“‚
591 4242 781 4309 quodspreu15
800 4257 864 4293 nam
882 4248 908 4291 et
927 4243 1015 4306 ipsum
1034 4248 1076 4292 est
1095 4243 1255 4293 inusitatum
1275 4242 1327 4293 hac

180 4329 298 4391 notione,
317 4335 344 4380 et
364 4345 380 4378 a
399 4329 498 4395 Royaio
518 4331 667 4398 Vergilium
685 4337 777 4383 secuto
795 4331 824 4383 in
837 4331 925 4381 verbis
946 4331 1046 4393 „affata
1059 4331 1174 4383 blaudo“
1190 4331 1327 4383 ambiendi

179 4417 294 4469 vertum
312 4418 455 4469 locutionis
473 4420 641 4485 vergilianas
660 4427 793 4471 mutatum
810 4436 869 4471 asse
887 4420 932 4470 vix
950 4427 992 4471 cst
1010 4421 1146 4472 credibile.
1204 4434 1208 4441 ·

186 4543 191 4553 .
292 4505 303 4535 ³
323 4510 394 4571 „est“
415 4507 582 4560 desideratur
600 4510 628 4560 in
647 4510 664 4560 1.
684 4509 758 4562 llum.

1172 4597 1223 4651 19*
