3016 5310
416 474 497 507 susm
517 474 543 507 m·
564 474 667 507 rruuns
685 473 745 506 ssu.
766 471 901 506 smerovu.
1168 456 1234 520 125

292 545 296 549 ,
316 544 380 549 .-.--
397 544 421 550 .-
551 543 752 549 -—.—-—
808 541 1024 548 ——-—-
1052 542 1125 548 ..—

180 557 278 563 ——n-
555 556 724 562 ...-..—-
737 555 839 561 ——
1092 555 1125 560 ...
1155 553 1229 561 .—

193 670 256 732 Ast
279 667 373 731 illum
397 689 573 752 properans
597 688 694 752 opera
718 667 801 730 inter
824 666 929 751 prima
951 665 1024 728 tulit
1049 688 1141 728 mors.

283 774 399 840 Cetera
423 773 501 861 quid
525 776 721 837 memorem?
744 771 862 858 quibus
887 794 905 834 0
928 770 1104 834 virtutibus
1128 771 1183 836 ille

153 933 159 945 .
193 883 337 946 Aeterno
361 880 497 966 dignum
521 882 553 943 in
579 879 673 944 terris
697 901 731 942 se
755 879 884 942 nomine
908 878 997 942 feeit!

194 988 293 1054 Casta
317 988 380 1051 viri
404 987 519 1052 domus
542 996 574 1051 et
597 987 705 1050 vetitis
729 985 869 1049 obnoxiu
893 984 991 1048 nullis

194 1094 329 1181 Sponda
351 1093 544 1158 libidinibus
568 1092 787 1157 delibatumve
811 1092 928 1157 oubile.

194 1202 345 1288 Hospitio
368 1200 513 1279 indulsit,
537 1222 726 1264 succurrere
748 1199 859 1283 largus
883 1200 1003 1285 egeuiS,

193 1309 275 1372 Esse
300 1330 397 1371 suum
420 1329 540 1370 munus
561 1305 696 1371 eredens
720 1329 779 1392 ope
802 1329 961 1392 quemque
984 1306 1106 1389 iuvare.

155 1466 161 1478 .
193 1415 315 1500 Magna
338 1415 401 1478 viri
424 1415 458 1477 in
482 1414 594 1477 ‹loetos
617 1413 820 1496 multumque
843 1415 975 1500 profusa
999 1412 1149 1477 voluntas
1160 1416 1182 1496 ¹,

193 1522 303 1607 Larga
326 1543 442 1584 manus
464 1520 580 1584 loculis
604 1521 638 1582 in
663 1543 796 1583 munera
820 1542 946 1606 semper
969 1521 1096 1606 apertis.

194 1628 256 1693 Illo
278 1627 394 1713 religio
416 1650 480 1691 non
504 1628 653 1713 ignorata
675 1627 830 1712 magistro
853 1637 913 1707 est3

194 1736 331 1800 Pectora
354 1733 501 1821 gestabat
525 1756 590 1797 non
613 1733 668 1798 ille
691 1734 828 1797 immitia
851 1756 968 1798 saevus

196 1841 386 1906 Pulsaritve
408 1864 507 1904 manu
532 1850 587 1904 aut
611 1841 718 1904 tristes
742 1842 863 1904 exarsit
886 1841 919 1903 in
942 1841 1017 1904 iras.

148 1971 165 2012 ·.
196 1949 326 2013 Exosus
350 1948 431 2032 lites,
455 1970 568 2034 paoem
592 1949 735 2034 eaptavit
759 1948 897 2011 amioum

196 2055 428 2141 Abstinuitque
451 2078 567 2118 manus
591 2054 696 2119 alieno
720 2055 824 2117 iustus
848 2054 888 2117 ab
913 2077 1004 2133 aur03

194 2162 267 2226 Non
292 2161 409 2226 avidus
429 2174 587 2248 raptorve,
610 2161 723 2226 volens
747 2184 806 2225 sua
829 2162 946 2247 euique
970 2160 1109 2246 reliquit.

196 2269 336 2335 Sanetus
358 2279 437 2353 erat,
460 2268 560 2333 lueris
583 2268 730 2355 gaudens
753 2268 842 2331 haud
864 2268 1014 2354 turpibus
1040 2267 1114 2331 ullis
1124 2273 1144 2330 ².

284 2375 406 2459 Talem,
429 2398 498 2460 rex,
521 2376 659 2462 templis,
682 2375 780 2439 talem
804 2376 1002 2461 quaesiveris
1027 2376 1091 2438 aris

160 2531 165 2544 .
194 2483 394 2567 Pontificem,
418 2481 514 2546 talem
537 2483 661 2546 Dirum
686 2483 829 2547 saeraria
851 2493 996 2568 poseant.

195 2589 286 2654 Talis
309 2600 378 2654 erat
402 2589 542 2674 Samuel,
566 2589 663 2654 talem
687 2590 904 2676 tepescimus
928 2612 1051 2653 omnes.

195 2696 335 2776 Qualem
359 2696 385 2759 si
410 2695 538 2760 dederis
561 2695 698 2782 templa,
724 2696 881 2781 Auguste,
905 2696 1062 2779 Deorum,

195 2803 315 2867 Nostra
337 2814 409 2867 tuos
432 2802 509 2866 olim
534 2802 604 2867 Clio
628 2801 772 2866 cantabit
796 2802 941 2885 honoreS,

194 2910 419 2997 Perpetuoque
441 2919 533 2973 tuum
559 2909 735 2973 servabunt
759 2910 905 2973 earmina
929 2931 1056 2972 nomeu.

149 3062 299 3071 ——n

200 3141 289 3208 'lpse
307 3141 422 3206 Royzius
447 3156 475 3190 se
499 3140 556 3190 eius
582 3139 720 3191 liberalem
747 3141 865 3191 animum
891 3141 997 3206 saepius
1020 3147 1158 3205 expertum
1177 3156 1239 3192 osse

149 3231 183 3282 itis
200 3232 267 3284 loeis
288 3238 411 3282 testatur.

198 3319 334 3372 'Laudes
354 3319 485 3370 Samuelis
504 3319 620 3369 Maeiovi
640 3319 746 3384 saepius
766 3318 836 3384 apud
856 3319 984 3383 Royzium
1004 3327 1155 3370 occurrunt.
