2948 5302
503 461 632 496 martrix
650 462 782 495 δΑΠΔΤᾸ.

171 655 410 741 l'ignoribusve
432 654 518 717 datis
541 653 700 718 Iudaeum
724 653 805 716 ditat
831 653 990 739 Apellam.

177 763 328 847 ignarus,
353 761 490 825 multum
515 759 691 825 Laehesis¹
715 759 898 825 devellere
921 772 1027 844 restet,

178 868 282 932 Instet
305 891 346 930 an
369 879 550 932 extremum
575 867 708 931 vivendi
731 880 858 953 tempus
881 879 911 931 et
934 865 1022 930 hera

179 976 402 1038 Immemorem
428 998 522 1060 quem
547 997 611 1037 nen
636 996 732 1037 casus
756 997 908 1038 namuere
932 995 1073 1057 suerum,

132 1132 139 1144 .
178 1083 245 1160 Qui
269 1080 415 1145 cecidere
439 1083 537 1168 prius,
561 1082 659 1167 eapiti
683 1104 780 1167 quam
806 1082 916 1144 iuneta
937 1081 1020 1143 tiara
1044 1092 1100 1161 est,

177 1191 350 1274 Quamque
372 1187 490 1273 pedum
515 1187 590 1251 laeti
614 1187 730 1250 (lextra
752 1198 884 1251 tenuere
907 1187 1037 1272 petenti,

177 1294 220 1357 Et
243 1295 378 1358 miseros
401 1295 507 1358 fecere
531 1318 615 1376 suns,
639 1293 826 1380 laribusque
849 1295 992 1380 palemis

176 1400 364 1483 Exelusere
388 1401 450 1465 fuit
474 1402 500 1464 si
524 1402 595 1487 quis
619 1424 657 1465 ea
682 1412 755 1464 reta
778 1403 890 1465 iuvare

175 1508 356 1571 Immatura
379 1506 481 1571 libide
504 1507 588 1570 datis
612 1509 646 1571 in
670 1509 825 1594 pignera²
848 1507 951 1572 rebus.

111 1638 138 1677 ·.
177 1614 257 1698 Nee,
280 1615 308 1677 si
331 1615 439 1677 forsan
464 1613 572 1679 adhue
596 1613 732 1678 calathis
756 1626 809 1679 net
833 1614 953 1679 vellera
976 1614 1080 1701 plenis

175 1721 326 1784 Pentifiei
350 1721 505 1786 Lachesis
530 1744 692 1806 rugasque
715 1721 854 1785 intendit
877 1732 1010 1804 amatas,

176 1830 262 1891 alere
284 1838 393 1890 tamen
416 1838 505 1891 tante
529 1828 688 1914 reliquum
712 1840 782 1914 pest
806 1827 920 1893 liberet
943 1850 1073 1907 aeruna

176 1935 250 1997 Nun
274 1934 322 1998 illi
346 1934 450 2019 villas,
473 1958 538 1998 nen
562 1935 694 2021 praedia
718 1936 831 2000 reddat
855 1936 949 1999 avita.

268 2042 356 2126 Ergo
380 2041 492 2126 [trucul
516 2041 614 2105 luxus
637 2064 835 2128 pompasque
858 2043 992 2107 antistes
1016 2042 1129 2106 inaures

131 2197 138 2213 .
176 2148 258 2212 Esse
280 2147 385 2212 bonus
409 2147 527 2231 iubeat,
550 2148 780 2235 Christumque
803 2150 947 2213 imitatus
970 2151 1089 2233 Iesum,

174 2254 292 2318 llundi
316 2277 450 2320 seeurus
474 2255 603 2320 caelesti
629 2257 748 2320 serviat
772 2255 873 2320 aulae.

174 2362 340 2448 Principio
363 2361 477 2426 doeeat
501 2361 648 2448 populos:
672 2384 710 2426 ea
734 2384 868 2427 munera
892 2364 995 2449 prima

174 2468 343 2532 Pantilieis
367 2481 470 2551 sunta,
495 2469 608 2554 primis
631 2470 687 2556 qui
710 2469 871 2556 praesidet
895 2470 968 2532 aris.

173 2574 360 2659 Tergemini
382 2575 497 2640 deceat
519 2575 655 2662 pupulos
679 2587 850 2662 praecepta
874 2576 1039 2657 'sonantis¹

129 2729 137 2742 .
174 2679 267 2758 Quae
291 2680 380 2745 eaelo
404 2682 458 2744 via
482 2682 615 2766 siderea,
639 2682 756 2769 quibus
780 2681 910 2747 aethera
931 2682 1026 2747 fruetis

172 2787 238 2850 Fas
261 2810 391 2874 sperare
413 2788 546 2874 homini,
569 2788 689 2855 Christi
712 2801 784 2876 pest
807 2790 923 2853 funera
946 2791 1042 2875 passi,

173 2893 318 2959 Infames
342 2894 449 2959 obitus
472 2897 583 2982 patula
607 2896 776 2981 pendentis
801 2896 841 2959 ab
866 2896 972 2979 alno³‚

172 3000 261 3064 Ditis
285 3024 361 3087 opes
384 3001 460 3065 elim
484 3013 515 3066 et
539 3004 683 3091 stygium
707 3003 890 3089 populantis
915 3005 1092 3067 Avernum.

172 3106 246 3170 Non
271 3107 351 3171 mihi
374 3109 536 3173 eonducta
559 3109 755 3174 demonstret
778 3110 885 3173 sidera
908 3109 1028 3195 lingua,

131 3262 138 3276 .
174 3213 248 3277 Non
271 3213 420 3300 flammiS,
443 3238 507 3279 nen
532 3217 579 3279 sie
603 3215 682 3279 diris
706 3238 757 3280 me
779 3216 903 3281 territet
925 3214 1050 3304 hydris,

172 3319 446 3407 Tisiphonemque
469 3321 549 3386 mihi
572 3345 769 3408 saevumque
792 3322 978 3387 Acheronta
1001 3322 1155 3386 minetur:

170 3427 339 3491 Pontifieis
364 3427 436 3492 vole
459 3428 559 3493 verba
583 3431 646 3494 mei
669 3430 799 3515 notique
824 3429 971 3515 magistri

171 3533 310 3614 Audire3
334 3534 389 3599 ille
412 3535 491 3598 mihi
516 3535 705 3623 caelumque
729 3535 924 3622 erebumque
948 3535 1107 3622 loquatur,

168 3636 300 3704 Gaudia
323 3664 406 3728 quae
430 3653 581 3707 maneant
605 3643 680 3706 elim
704 3656 774 3728 pest
798 3643 913 3706 funera
937 3644 1047 3725 iustus,

110 3776 138 3805 κ.
170 3744 419 3835 Propositasque
442 3747 537 3811 malis
561 3772 680 3835 peenas
703 3748 934 3834 Phlegethonte
959 3748 1018 3811 sub
1045 3749 1116 3832 ime,

170 3852 345 3919 Terribiles
370 3879 488 3941 peenas
512 3868 543 3919 et
567 3855 753 3919 inevitabile
777 3857 889 3918 fatum.

169 3958 254 4023 Nam
277 3962 350 4046 quis
374 3964 540 4047 pentiliees
566 3963 646 4026 serat
672 3964 753 4025 inter
776 3961 896 4046 gaudia
921 3961 1047 4024 arellam

170 4065 341 4130 Commissi
365 4071 473 4154 gregis
497 4068 612 4132 eblites
636 4068 805 4132 traducere
831 4070 939 4151 vitam,

171 4173 372 4261 Seeuresque
396 4200 489 4239 suurn
516 4177 681 4239 rnenaelris
705 4176 903 4239 eermmttere
928 4198 1044 4237 rannus

174 4349 180 4376 ¹
202 4353 264 4403 llas.
286 4353 443 4414 ,‚Lachesi·‘.

170 4436 179 4464 ²
200 4441 262 4490 llus.
283 4443 438 4506 „pignoret

173 4526 182 4553 ³
202 4530 263 4579 llus.
284 4530 391 4591 ‚.alr0··.
