2948 5302
313 428 385 478 LXII
807 448 964 483 euersam.

311 661 383 702 mae
407 641 548 725 speciem
572 640 716 705 excoluit
738 639 937 729 Theophilus
952 640 1118 727 Foleugus
1141 646 1305 727 (†1544)‚
1328 643 1438 709 necde

310 744 402 809 fuere
427 745 538 810 eodem
564 746 632 811 fere
655 759 798 833 tempere
829 748 917 835 apud
940 748 1132 833 Germanos,
1163 752 1220 837 qni
1252 751 1341 817 huuc
1361 752 1437 816 ratio

311 874 384 915 nem
411 864 632 938 sequerentur,
656 854 743 941 apud
767 854 906 921 Pelonos
928 878 1006 921 vero
1028 856 1174 945 Royaius
1196 859 1233 923 in
1256 858 1321 924 hoc
1343 880 1437 939 gsnsu
1466 876 1473 915 1

314 958 358 1022 10.
383 958 627 1024 Cochanovium
651 963 865 1047 praecessisse
889 962 1028 1029 videtur.

420 1067 457 1129 In
485 1067 633 1133 versibus
657 1068 839 1154 pangendis
861 1071 1009 1156 sequitur
1031 1070 1176 1159 Reyuius
1200 1071 1320 1157 legem,
1343 1073 1369 1139 si
1388 1094 1436 1135 uon

311 1174 398 1237 omni
423 1197 464 1237 ex
488 1190 579 1260 parte
601 1197 622 1239 a
646 1177 782 1240 summis
806 1177 1009 1264 antiquitatis
1031 1178 1224 1263 artificibus,
1254 1190 1291 1245 at
1313 1180 1435 1245 certeis
1469 1230 1472 1235 .

310 1282 499 1344 universum
524 1306 541 1344 a
567 1281 660 1345 bonis
684 1283 872 1347 auctoribus
895 1284 1074 1369 probatam.
1099 1284 1185 1351 Nam
1209 1287 1269 1351 vix
1295 1287 1435 1373 vitupera·

311 1388 430 1451 tionem
447 1390 603 1456 incurrat.
625 1389 712 1475 quod
736 1398 813 1474 „ora
828 1394 1045 1478 stupensque“
1063 1414 1160 1457 versu
1177 1393 1359 1476 incluserit,
1378 1415 1434 1458 cun
1468 1414 1473 1421 ·

300 1496 376 1564 ¹iam
402 1496 537 1560 Iloratio
560 1496 647 1561 idem
672 1496 800 1562 licuerit
823 1499 862 1582 (Ι,
886 1500 938 1583 39,
962 1500 1049 1581 241).
1074 1499 1200 1586 Eidem,
1224 1524 1303 1565 cum
1327 1501 1376 1566 De
1394 1522 1435 1586 ap

311 1613 426 1688 paratu
451 1605 637 1688 nuptiarum
663 1603 865 1690 Sigismundi
889 1608 1031 1691 Augusti
1053 1618 1085 1671 ct
1107 1606 1308 1674 Cathariuae
1339 1608 1435 1689 (Lib

313 1712 367 1790 74)
392 1712 587 1796 scripsisset:

526 1858 665 1870 ......
685 1822 781 1871 inclita
800 1838 892 1887 regum

414 1913 495 1971 (lens,
516 1910 672 1971 Cathuriua,
692 1912 755 1959 vehi
775 1900 837 1960 vehi
856 1912 942 1960 omnis
961 1915 1085 1962 Sirmrutu
1103 1912 1204 1963 elamat

309 2032 539 2118 absquedubio
549 2034 716 2120 Vergilius
726 2034 848 2120 (Eois,
859 2037 913 2115 793
923 2034 1232 2123 654410vidiusque
1241 2033 1434 2117 (Metamlll

310 2141 387 2220 501)
411 2151 559 2205 auctores
583 2141 745 2207 obversati
769 2153 857 2227 sunt,
888 2165 1086 2229 quamquam
1115 2141 1225 2208 hiatus
1256 2155 1289 2207 ct
1319 2142 1433 2230 ipsaiu

309 2245 401 2311 hiatu
425 2261 574 2334 correpta
598 2250 703 2334 [imma
727 2249 851 2315 vocalis
870 2260 1047 2315 excusatur
1062 2249 1148 2336 apud
1164 2249 1298 2315 eosdem
1314 2245 1434 2315 naturali

310 2355 404 2417 fictae
428 2356 529 2419 celius
552 2357 731 2420 imitatione
754 2370 786 2421 et
810 2356 979 2423 bucolicae
995 2379 1150 2423 caesurae
1166 2369 1294 2441 natura7
1318 2357 1352 2420 id
1367 2352 1435 2442 quod

311 2462 345 2524 in
369 2461 572 2548 Royziamnu
597 2486 728 2528 versum
754 2487 817 2527 non
842 2464 939 2529 cadit
964 2466 1002 2529 In
1027 2463 1174 2529 ciusdem
1198 2465 1356 2528 carminis
1378 2461 1435 2527 v.3

309 2569 349 2653 (Ι,
373 2572 427 2648 61)
460 2570 563 2634 hiavit
594 2583 665 2657 post
696 2573 834 2657 primam
859 2573 944 2636 tertii
973 2571 1064 2658 pedis
1090 2571 1274 2636 hexametri
1296 2566 1435 2659 dactylici

310 2688 436 2762 partem
461 2677 500 2739 ad
528 2679 664 2760 Ilorstii,
688 2680 809 2765 opiner,
833 2677 1018 2765 exemplum
1041 2678 1161 2759 (Germ.
1177 2679 1205 2763 Ι,
1227 2678 1282 2761 28,
1304 2680 1361 2758 24)
1376 2696 1435 2743 cuu-

309 2786 503 2870 tempsitque
534 2784 632 2848 Gellii
664 2796 872 2872 praeceptum
904 2785 979 2866 (VI,
1011 2787 1075 2868 26),
1105 2785 1161 2870 qui
1193 2782 1300 2849 solnm
1331 2782 1435 2849 eisdem

311 2891 439 2955 duabus
462 2891 631 2956 vocalibus
647 2893 917 2958 concurrentibus
935 2890 968 2955 id
982 2892 1080 2956 licere
1091 2890 1335 2957 animadvertit.
1359 2889 1435 2955 Alius

311 2998 429 3064 deinde
452 2999 559 3062 hiatus
582 3000 617 3062 in
642 3021 777 3063 caesura
801 2998 949 3063 bucolica
973 3021 1088 3063 versus
1103 2997 1225 3063 heroici
1241 2998 1300 3081 (ΙΙ,
1315 2992 1436 3082 448,Ιῦ

310 3120 487 3170 excusatur
511 3106 608 3169 simili
633 3106 788 3171 Aeneidis
813 3106 883 3171 loce
906 3105 1055 3190 (1403).
1078 3107 1156 3192 Ipse
1170 3104 1304 3171 insolita
1326 3101 1437 3191 quanti

309 3224 359 3277 tas
384 3213 585 3300 syllabarum
610 3215 701 3279 vocis
726 3212 978 3300 „quotidianus“
1009 3235 1068 3298 pre
1094 3211 1243 3277 sollemni
1271 3210 1437 3299 „quotidia-

309 3326 390 3384 nus“
418 3321 455 3399 (I.
473 3323 546 3404 293,
563 3323 620 3401 36)
643 3321 768 3404 nititur,
792 3321 825 3383 ni
842 3319 947 3403 fallor,
970 3318 1090 3387 Catulli
1106 3319 1264 3385 carminis
1280 3320 1324 3385 68
1341 3343 1373 3385 v.
1389 3314 1437 3383 139

308 3439 397 3491 textu
424 3451 521 3490 manu
547 3429 676 3514 seriptis
692 3427 819 3509 tradito,
842 3449 1038 3513 quamquam
1055 3437 1141 3492 totus
1156 3425 1212 3492 hie
1228 3425 1348 3516 Royaii
1363 3425 1438 3491 loeus

310 3548 479 3621 suspectus
503 3546 567 3616 cst,
599 3534 758 3619 siqnidem
787 3558 818 3598 v.
842 3535 885 3599 35
909 3533 1030 3598 tradita
1060 3533 1167 3599 forma
1200 3533 1364 3618 ,1111111111ιι
1394 3549 1439 3619 pro

309 3643 509 3705 nominativo
540 3640 649 3704 habita
681 3651 841 3727 repugnat
872 3642 1087 3728 syntecticac‚
1118 3662 1176 3727 pre
1203 3639 1352 3705 ablativo
1376 3656 1439 3705 vero

309 3763 442 3834 accepta
473 3749 627 3812 metricae
657 3749 785 3812 rationi.
823 3748 1006 3814 Martialem
1037 3759 1168 3813 secutus
1198 3741 1438 3834 „smaragduffl

310 3856 510 3941 paenultima
534 3855 626 3919 brevi
652 3880 682 3919 v.
706 3858 726 3917 6
751 3857 906 3920 carminis
929 3856 982 3919 De
1006 3865 1164 3941 apparatu
1187 3854 1379 3940 nuptiarum
1401 3851 1441 3919 si·

308 3962 473 4046 gismundi
499 3963 639 4047 Augusti
664 3972 695 4027 et
719 3961 868 4026 Elisabes
892 3963 1063 4048 usurpavit
1086 3962 1124 4045 (Ι,
1141 3962 1194 4042 29,
1209 3963 1253 4042 6).
1276 3960 1363 4027 Ulue
1383 3961 1442 4026 sivs

307 4067 402 4131 Ullae
433 4071 518 4132 areis
550 4092 667 4133 nomen
699 4070 732 4133 in
763 4068 1007 4153 epigrammatis
1039 4068 1156 4153 partim
1188 4065 1319 4156 syllaba
1347 4069 1443 4155 prima

306 4174 404 4259 longa
435 4177 494 4256 (II.
523 4180 561 4241 19
587 4202 662 4262 squ,
693 4177 793 4262 epigr.
827 4176 1080 4255 I—XXXVII3
1114 4176 1192 4253 124,
1224 4174 1300 4259 IX),
1332 4176 1445 4262 partim

303 4282 397 4346 brevi
430 4283 491 4367 (II,
516 4286 567 4368 23,
591 4284 726 4367 XVIII,
750 4286 784 4357 4;
819 4284 883 4347 124
907 4307 961 4368 ει),
992 4282 1157 4363 X-XII)
1188 4303 1285 4345 versu
1311 4280 1448 4346 inclusit.

306 4390 421 4454 Licere
446 4391 507 4455 sibi
532 4391 592 4456 boc
608 4393 642 4456 in
660 4414 739 4456 voce
756 4391 904 4474 barbara,
921 4391 1127 4475 antiquorum
1143 4389 1337 4453 auctoritate
1354 4387 1450 4453 desti·

307 4507 386 4581 tuta,
410 4522 446 4562 eo
471 4500 575 4585 magis
600 4500 736 4584 putavit,
759 4498 845 4584 quod
869 4497 955 4560 idem
981 4498 1013 4559 iu
1031 4496 1104 4560 aliis
1120 4494 1257 4561 vocibus
1273 4505 1372 4581 atque
1388 4496 1457 4559 Ier‘
