3016 5310
810 434 888 468 PETRI
907 434 996 468 sonu

748 505 807 511 --—
821 518 825 522 Ι
861 506 911 511 --.
932 516 956 523 .-
971 506 995 511 .-.
1018 517 1026 521 -
1040 504 1418 524 -ητ--Τῂ--Ξ

442 627 643 694 Incumbunt
666 626 791 693 alacres
815 628 912 714 operi,
935 649 1056 714 perque
1079 628 1188 693 omnia
1211 627 1350 693 volvunt

446 736 591 800 Intentos
613 733 733 819 oculos,
756 735 945 822 intentaque
966 745 1099 821 pectora
1120 745 1263 800 versant

445 841 550 906 Mults
572 841 684 907 deesse
706 841 828 926 vident,
851 863 1073 929 magnumque
1095 863 1212 927 urgere
1233 840 1378 907 laborem

342 969 410 1012 rso.
445 947 589 1013 Acribus
613 949 788 1034 insurgunt
811 946 936 1032 studiis,
960 958 1134 1036 noctesque
1157 948 1293 1034 diesque

445 1055 518 1119 Hoc
541 1054 671 1139 adeunt,
693 1063 844 1141 repetunt
866 1064 898 1119 et
920 1078 1010 1142 opus,
1033 1054 1126 1119 labor
1148 1054 1203 1120 hic
1225 1064 1322 1120 vocat
1347 1076 1438 1137 unus,

445 1161 630 1227 Involucris
654 1161 721 1226 fors
745 1161 773 1225 si
796 1182 861 1247 qna
882 1160 985 1226 latent
1007 1161 1146 1226 dictisve
1169 1170 1339 1226 morantur
1386 1208 1388 1212 ψ

444 1268 631 1353 Ambiguis3
655 1289 696 1332 ne
719 1290 816 1354 quem
839 1268 1014 1333 verborum
1035 1267 1191 1352 indagine
1214 1265 1333 1333 fallant

446 1375 632 1463 Exponunt,
655 1396 739 1460 quae
761 1397 838 1438 mox
861 1376 1033 1440 manifesto
1055 1376 1091 1439 in
1113 1374 1238 1439 lumine
1261 1396 1377 1439 cernas
1391 1380 1409 1436 ¹.

760 1792 990 1863 (Fragmentum
1009 1792 1057 1861 Π).

345 1989 412 2032 125.
446 1968 565 2033 Inclita
587 1969 713 2033 romani
736 1969 845 2033 dicam
868 1968 1045 2055 primordia
1067 1968 1157 2051 iuris,

447 2075 600 2161 Argolico
623 2075 719 2139 mixti
742 2086 773 2139 et
796 2085 921 2140 veteres
944 2075 1114 2140 referentis
1137 2072 1294 2139 Athenas.

449 2182 537 2247 Hinc
559 2181 771 2268 indeprensus
795 2204 909 2248 sensus
932 2182 1125 2269 penitusque
1147 2180 1285 2245 latentes

448 2288 489 2352 Et
512 2310 629 2353 causas
652 2288 749 2374 longe
772 2289 924 2374 repetitas
948 2287 1077 2353 aethere
1101 2286 1141 2352 ab
1166 2286 1231 2351 ulto

448 2394 530 2474 Quis
554 2395 670 2459 modus
693 2417 805 2460 eruere
829 2406 877 2459 est
900 2396 952 2459 ius
975 2405 1006 2460 et
1029 2405 1198 2481 penetrare
1221 2394 1405 2482 repostum?

345 2524 414 2568 ren.
450 2502 629 2588 Exsequer,
656 2500 745 2566 haud
768 2525 820 2567 me
843 2500 924 2566 adeo
947 2500 1040 2586 fallit,
1063 2524 1160 2588 quam
1176 2501 1309 2566 vincere
1330 2517 1468 2584 magnum

449 2608 540 2673 Haec
564 2609 606 2672 sit
629 2617 661 2673 et
683 2608 719 2671 in
742 2630 851 2698 gyros,
875 2608 1015 2671 sinuosis
1037 2608 1166 2673 flectere
1189 2606 1298 2673 verbis

448 2715 633 2801 (degereque
656 2716 690 2778 in
713 2736 865 2779 numeros
889 2715 1057 2802 strictique
1080 2713 1258 2801 repagula¹
1283 2736 1403 2779 versus.

446 2823 572 2887 Verum
594 2823 720 2887 romani
743 2821 816 2886 loca
838 2845 889 2887 me
912 2844 971 2909 per
994 2820 1090 2887 devia
1112 2821 1193 2885 iuris

447 2929 567 3015 Raptat
591 2950 681 2993 emor
704 2938 828 2993 tentare
851 2930 948 3013 viam,
971 2951 1070 3015 quum
1093 2951 1188 2993 nemo
1211 2929 1359 3015 priorum

347 3057 414 3099 ren.
449 3035 631 3122 Ingressus,
654 3036 745 3099 iuvat
768 3045 800 3100 et
823 3058 955 3122 gressus
978 3035 1100 3100 inferre
1122 3035 1243 3123 pedum
1265 3037 1324 3099 nii

447 3143 497 3206 Tu
521 3141 672 3207 mihi⁴...

751 3491 983 3561 (Fragmentum
1006 3491 1074 3559 ΙΙΙ).

449 3661 614 3727 Maximus
637 3660 693 3726 iile
716 3671 831 3726 auctor
854 3684 971 3746 rerum,
994 3661 1120 3724 Divum
1143 3670 1235 3747 puter
1258 3671 1290 3725 et
1314 3683 1380 3744 rex,

448 3768 605 3833 Immensi
627 3777 748 3832 metam
772 3768 898 3854 imperii
923 3767 976 3831 cui
999 3767 1103 3831 nescit
1126 3765 1298 3856 Olympus,

451 3962 460 3992 ¹
479 3963 532 4013 Hic
550 3963 755 4028 interrumpitur
773 3963 800 4010 in
819 3964 877 4013 Oss.
897 3960 985 4011 media
1005 3961 1105 4027 pagina
1123 3976 1242 4024 carmem
1260 3976 1329 4026 quae
1342 3963 1476 4026 sequuntur

342 4052 460 4103 eiusdem
479 4053 616 4114 materiae,
636 4050 763 4117 leguntur
781 4051 808 4099 in
829 4050 891 4100 solio
904 4050 1038 4121 proximo,
1059 4058 1121 4100 unte
1140 4049 1209 4114 quod
1228 4048 1346 4114 quinque
1366 4048 1474 4099 solinar-

343 4141 400 4192 cisa
418 4148 488 4191 nnnc.

451 4227 461 4256 ²
479 4231 542 4280 Mur.
565 4229 738 4294 „repabnla“.

451 4318 461 4345 ³
479 4319 589 4370 Lucreti
602 4318 634 4369 de
648 4336 668 4370 r.
679 4336 705 4368 n.
719 4319 732 4366 1
745 4335 786 4369 vv.
797 4316 847 4369 136
855 4334 920 4383 sqq,
935 4315 987 4368 921
997 4333 1053 4382 sqq.
1063 4315 1130 4367 haec
1143 4315 1171 4364 in
1182 4315 1338 4366 memorium
1352 4313 1473 4367 revocant·

450 4407 531 4457 ‘His
551 4408 638 4458 verbis
657 4407 756 4459 desinit
775 4406 919 4457 frustulum
937 4407 973 4470 113
997 4406 1090 4457 eadem
1113 4405 1213 4471 pagina
1237 4411 1298 4469 post
1316 4401 1473 4456 intervallum

339 4496 443 4562 aliquot
461 4513 585 4547 versuum
604 4497 724 4562 sequitur
744 4498 923 4561 fragmentum
944 4495 993 4546 111.
