3016 5310
668 476 790 511 enniana
795 477 832 511 uu.

191 547 708 558 ——..———————--
881 547 1307 565 ———-—-—----.--—-

274 675 416 760 Incept0,
438 671 548 737 videat
571 671 720 757 quamvis
744 670 805 735 sibi
830 671 900 734 dira
924 680 1102 759 tyrannum

276 781 355 844 Fata
376 800 494 866 parare
516 798 693 864 necemque
715 787 857 841 atrocem
880 786 912 841 et
936 778 1051 842 funera
1075 800 1180 843 saeva.

209 909 247 952 ao.
362 886 451 973 Ergo
475 895 598 950 secreto
621 908 686 948 non
709 885 774 948 iam
798 906 907 970 regem
931 884 1081 949 admonet
1104 907 1168 969 ore,

277 993 411 1079 Saepius
433 992 569 1078 indigne
592 990 695 1078 regali
715 990 830 1078 pulsus
854 990 894 1054 ab
919 989 1006 1071 aula3

273 1098 412 1165 Publica
434 1121 500 1163 non
524 1099 589 1163 iam
611 1121 677 1162 vox
700 1106 750 1161 sat
773 1107 850 1182 erut,
873 1120 938 1161 non
962 1098 1107 1162 camnine
1130 1096 1210 1182 dira,

276 1205 367 1285 Quae
390 1207 424 1270 in
447 1205 536 1270 Ditis
559 1205 691 1269 mittunt
713 1203 878 1268 hominem
899 1202 1054 1290 pallentia
1077 1227 1187 1291 regnu,

275 1314 509 1398 Exsor‘temque
532 1311 609 1376 boni
632 1310 757 1376 faciunt
780 1311 929 1397 vitaeque
952 1310 1065 1376 beatae
1077 1315 1096 1375 ¹.

205 1416 246 1484 ic.
272 1420 373 1485 Facto
395 1441 476 1506 opus
499 1430 559 1484 est:
583 1417 712 1504 templis
734 1416 848 1482 divum
871 1428 966 1503 atquc
990 1416 1146 1481 altaribus
1170 1426 1258 1481 arcet

274 1526 396 1614 Regem
419 1525 592 1610 infelicem,
616 1525 779 1590 conclusis
802 1524 946 1609 undique
968 1523 1083 1608 valvis,

276 1633 348 1712 Qua
371 1655 431 1698 rex
454 1633 478 1696 it
502 1654 713 1719 gressumque
735 1631 833 1696 infert
854 1632 888 1695 in
911 1630 1031 1717 templa
1054 1630 1207 1695 Deorum.

276 1739 410 1805 Talibus
434 1740 468 1803 in
491 1761 600 1826 regem
623 1737 753 1825 praesul
776 1738 971 1802 fortissimus
995 1760 1081 1821 usus,

274 1847 450 1911 Tantorum
474 1845 596 1910 uindex
620 1844 779 1910 scelerum
801 1845 950 1930 vitaeque
973 1843 1143 1928 nefandae,

190 1968 246 2016 100.
273 1953 347 2033 Qua
370 1975 404 2018 se
426 1974 486 2018 rex
508 1975 636 2039 queque
659 1962 814 2038 augustos
837 1951 982 2015 foedarat
1005 1949 1150 2015 honores.

362 2060 423 2126 ille
447 2070 564 2142 cutem,
588 2079 745 2124 accensus
769 2059 862 2122 furiis
886 2056 1055 2143 vietusque
1079 2055 1196 2142 dolore,
1256 2039 1261 2048 ’

275 2167 416 2231 Tantum
438 2167 600 2253 pontificis
623 2165 760 2231 tolerare
783 2164 870 2229 huud
895 2166 958 2228 ium
982 2165 1065 2252 potis
1089 2187 1214 2249 ausum,

277 2273 472 2360 „Multorum
496 2273 600 2338 victor
622 2272 814 2360 populorum
837 2273 885 2357 o‚“
911 2272 1024 2356 inquit,
1050 2270 1110 2355 „ab
1135 2293 1199 2334 uno

277 2380 431 2447 Sacrifico
454 2381 590 2445 vincar?
614 2402 673 2463 me,
697 2401 792 2465 quem
816 2377 940 2467 Scytha
959 2398 1118 2464 quemque
1133 2374 1312 2461 Vulechus,

189 2502 244 2551 10⁶.
276 2487 380 2566 Quem
402 2485 556 2551 Moschus
579 2487 687 2550 tremit
710 2496 741 2550 et
765 2484 918 2571 quiequid
944 2495 1032 2548 stans
1057 2483 1172 2570 aspicit
1195 2493 1310 2566 arctos,

275 2592 420 2658 Imbellis
443 2593 550 2680 pulsat
573 2615 689 2657 uranus
714 2604 809 2678 atquc
833 2590 989 2655 altaribus
1013 2601 1100 2655 arcet

275 2701 400 2765 Divum
424 2711 650 2785 conventuque
671 2699 861 2763 hominum?
885 2697 964 2761 mihi
988 2697 1059 2761 dira
1083 2699 1226 2761 minatur

276 2807 416 2873 Excidio
439 2807 647 2892 infernosque
669 2807 761 2892 ignes
785 2816 1017 2890 mortemquem
1041 2804 1236 2890 perennem?

274 2914 327 2980 Ah
350 2938 419 3002 ego,
442 2916 497 3001 qui
521 2937 625 3001 nuper
646 2912 834 2979 Ruthenum
855 2913 960 2977 Marte
983 2912 1096 2998 subegi

188 3037 245 3086 110.
275 3023 529 3108 Austriacasquc
553 3043 643 3086 arces
667 3031 697 3086 et
722 3021 813 3085 fortis
837 3029 943 3084 castra
966 3020 1091 3083 Morari

276 3129 363 3193 Ense
385 3128 455 3213 tuli,
478 3152 541 3215 quo
564 3129 753 3192 Pannonius
776 3128 899 3191 victore
922 3137 1081 3215 tyrannus

275 3236 477 3322 Purpuream
501 3235 642 3300 fundens
666 3235 807 3298 animam
831 3244 949 3298 terrum
973 3255 1026 3297 ore
1050 3230 1230 3317 momordit,

278 3341 408 3408 Scilicet
431 3341 512 3406 haee
535 3341 649 3428 patiar,
672 3341 750 3404 dam
774 3341 896 3405 forrum
920 3338 1054 3404 dexteru
1077 3349 1107 3403 et
1131 3361 1222 3403 arina

277 3448 442 3514 Sustinet?
465 3457 495 3512 ct
519 3471 584 3512 non
608 3447 791 3512 sacrificum
806 3446 905 3530 hune,
928 3470 991 3510 non
1009 3445 1071 3510 hoc
1087 3455 1183 3531 eaput
1200 3444 1310 3508 audax

188 3569 245 3619 115.
275 3554 370 3619 Dedo
393 3557 465 3620 neci
489 3555 690 3642 pedibusque
714 3554 793 3618 meis
817 3552 852 3617 in
874 3552 1011 3617 vulnera
1035 3553 1175 3616 curr0?‘·'

275 3662 370 3727 Dedo
393 3663 466 3727 neci
490 3661 704 3747 manibusque
728 3661 808 3725 meis
830 3661 865 3723 in
888 3660 1023 3723 Tartara
1047 3659 1160 3722 mitto?

275 3768 349 3833 Non
373 3766 453 3832 mihi
476 3768 535 3832 lux
557 3768 647 3853 haee,
671 3791 736 3832 non
760 3765 850 3831 eaelo
874 3765 921 3830 sol
945 3777 1019 3830 ante
1041 3765 1150 3830 voluto

278 3875 416 3941 Occidet
440 3885 470 3940 et
495 3875 604 3940 stellas
627 3873 785 3940 accendat
808 3875 842 3937 in
866 3872 993 3937 aethere
1016 3893 1139 3956 vesper,

276 3982 384 4062 Quum
408 3980 505 4069 caput
529 3981 609 4046 illud
632 4004 692 4068 ego
716 3980 858 4068 scapulis
881 3990 1034 4064 tergoque
1058 3977 1186 4061 revello,

184 4102 243 4154 lna.
272 4090 421 4154 Invisum
444 4099 542 4176 eaput
565 4099 595 4153 et
619 4088 733 4154 merita
757 4110 860 4153 meme
885 4084 999 4173 expleo
1023 4085 1155 4149 cziedc!“

179 4250 377 4268 g—

277 4353 285 4384 ¹
306 4355 501 4407 exsecrationes
522 4354 728 4419 devotionesque
746 4353 876 4420 (qutwy).

276 4442 350 4506 ²„in
369 4444 481 4495 vulnera
500 4446 621 4494 currere“
643 4442 766 4493 similiter
791 4442 891 4492 dictum
916 4449 997 4506 atque
1022 4441 1088 4490 illud
1108 4440 1315 4491 Ciceronianam

178 4529 216 4592 ‚ln
233 4534 395 4586 sententiam
414 4535 547 4584 currere·‘.
