3016 5310
323 445 411 493 XXVI
813 459 968 495 enarrarre.

318 652 571 717 Vieliciensibus
595 655 775 737 assignavit
798 654 855 735 (ΙΙ,
878 655 953 736 216,
977 654 1021 732 V;
1045 653 1129 717 conf.
1147 652 1274 717 dissert.
1296 675 1386 717 meac
1406 676 1467 738 pe-

318 758 411 824 lonae
435 783 487 845 pg.
512 762 553 825 76
578 783 622 845 sq.
640 788 682 817 :z
703 762 745 824 36
770 784 814 846 sq.
838 760 933 841 adn).
959 760 1030 823 Hoc
1054 758 1272 823 iurisconsulti
1299 760 1380 841 regii
1404 782 1468 822 no-

319 868 405 931 mine
429 867 572 954 Royzius
597 890 691 952 saepe
715 868 799 930 iuter
822 866 885 930 fori
908 865 1042 950 palentini
1074 867 1257 950 cognitores
1288 888 1465 931 causarum

320 973 529 1051 urbanarum,
560 996 601 1036 ex
633 972 847 1059 appellatione
875 973 916 1036 ad
940 996 1048 1057 regem
1072 972 1263 1054 delatarum,
1295 973 1467 1038 Maceevio

319 1081 514 1145 cancellario
538 1080 667 1163 assedit,
690 1103 794 1166 neque
816 1092 924 1144 tamen
950 1080 1140 1165 professoris
1165 1102 1283 1142 munus
1307 1081 1372 1141 iam
1392 1091 1464 1144 tum

317 1187 506 1274 deposuisse
538 1187 593 1251 sed
625 1187 736 1251 eodem
769 1199 912 1273 tempore
945 1188 979 1250 in
1015 1187 1226 1251 universitate
1258 1186 1464 1251 cracoviensi

318 1295 467 1358 docuisse
497 1307 528 1357 et
560 1317 701 1357 annuam
734 1294 904 1379 pecuniam
936 1316 993 1379 pro
1024 1316 1061 1357 eo
1092 1314 1224 1356 munere
1252 1294 1464 1359 constitutam

317 1401 441 1487 cepisse
466 1400 597 1465 videtur
611 1406 640 1483 ¹).
664 1402 755 1464 Inter
777 1424 815 1465 eu
839 1424 903 1465 non
920 1401 1063 1482 deerant,
1085 1401 1140 1486 qui
1157 1423 1231 1463 eum
1249 1400 1400 1485 privatim
1423 1399 1466 1465 de

316 1509 387 1571 iure
411 1508 591 1572 consulturi
615 1520 672 1572 aet
695 1511 841 1573 carruina
872 1509 913 1572 ab
945 1531 982 1572 eo
1013 1509 1143 1592 petituri
1176 1507 1304 1570 adirent
1335 1529 1374 1570 uc
1405 1529 1468 1591 pro

317 1617 497 1700 impetratis
531 1626 821 1680 remunerarentur.
858 1615 982 1678 Mutata
1014 1616 1114 1700 igitur
1145 1614 1239 1678 arulae
1271 1613 1465 1679 condicione

316 1732 413 1807 atque
430 1724 553 1786 ratione
570 1724 676 1807 gratia
692 1722 823 1804 tlorens,
847 1723 1003 1807 pecuniae
1020 1745 1082 1784 non
1101 1721 1242 1805 indigus,
1259 1719 1361 1783 laetus
1379 1721 1464 1804 spei·

315 1850 379 1913 que
404 1827 517 1914 plenas
541 1829 694 1913 agitabat,
719 1829 908 1913 praesertim
929 1850 1004 1891 curn
1021 1830 1116 1891 etiam
1135 1849 1287 1890 romanae
1303 1825 1464 1891 eeclesiae

317 1936 522 2020 caeterisque
547 1957 606 2018 res,
629 1936 747 2020 quibus
772 1934 912 2018 favebat,
937 1936 1033 1999 victis
1058 1934 1099 1998 ad
1122 1934 1297 2017 Mtthlberg
1314 1933 1388 1998 fidei
1406 1956 1467 1998 nc-

316 2041 484 2105 vatoribus
508 2065 660 2127 prospere
684 2039 799 2106 cedere
824 2041 1012 2105 viderentur
1035 2041 1090 2122 (ll,
1115 2043 1179 2106 303
1204 2045 1270 2125 sep).

425 2148 488 2211 Hic
513 2148 678 2212 secundus
702 2171 810 2212 rerum
835 2171 950 2212 cursus
975 2149 1142 2233 repentina
1175 2160 1276 2210 morte
1300 2145 1464 2212 Samuelis

316 2255 474 2318 Maccovii
507 2266 663 2318 autumno
691 2277 719 2319 a.
747 2257 831 2319 1550
856 2257 1055 2340 interruptus
1079 2266 1135 2317 est.
1174 2257 1280 2334 Quem
1305 2253 1462 2318 acerbum

314 2384 426 2426 casum
463 2362 606 2450 Royzius
643 2360 781 2447 eleganti
818 2364 1023 2447 ingenuoque
1058 2360 1168 2426 dolore
1203 2361 1324 2424 infecta
1353 2360 1461 2445 nenia,

314 2491 412 2553 quam
436 2491 546 2532 mense
569 2468 738 2532 novembri
760 2493 789 2533 a.
816 2471 902 2534 1550
925 2469 1104 2535 Oracoviae
1132 2469 1164 2530 in
1189 2466 1355 2553 publicum
1380 2467 1462 2530 emi-

314 2576 365 2658 sit,
389 2587 579 2662 prosecutus
603 2589 651 2639 est
676 2577 716 2658 (l.
744 2575 939 2656 rra-125).
974 2577 1024 2640 Ac
1049 2598 1123 2639 cum
1155 2576 1187 2637 in
1222 2576 1290 2660 ipso
1315 2574 1467 2637 carmine

315 2681 355 2746 dc
379 2693 463 2745 sorte
488 2681 658 2767 desperata
682 2705 803 2759 eornm,
827 2702 964 2768 quorum
988 2684 1119 2746 fortuna
1142 2705 1182 2745 ex
1208 2682 1376 2744 Maceovio
1404 2704 1460 2766 pe-

315 2788 488 2873 pendisset,
520 2802 714 2875 conquestus
738 2801 832 2872 essct,
861 2805 981 2855 metum
1004 2788 1097 2852 illum
1124 2811 1243 2851 vanum
1270 2811 1332 2850 non
1358 2787 1461 2852 fuisse

313 2896 347 2958 in
372 2896 441 2981 ipso
463 2896 556 2960 brevi
580 2896 782 2960 declaratum
806 2908 862 2960 est.
902 2897 1030 2960 Mortuo
1054 2897 1139 2959 enirn
1165 2906 1299 2979 patrono
1328 2917 1400 2957 raro
1426 2918 1460 2959 se

313 3003 424 3067 vocari
449 3002 490 3065 ad
515 3002 663 3066 consulta
688 3015 818 3067 senatus
850 3005 918 3090 ipse
950 3003 1117 3067 adnotavit
1140 3002 1200 3082 (ll.
1224 3003 1297 3064 220.
1323 3002 1395 3067 111),
1428 3012 1460 3066 et

314 3108 354 3172 ab
381 3110 521 3173 inimicis
544 3121 734 3174 accusatum
760 3135 832 3174 eum
857 3134 936 3193 esse,
967 3108 1052 3195 quod
1083 3118 1209 3172 mortno
1233 3108 1400 3170 Mat-eoric
1425 3110 1460 3172 in

312 3216 453 3301 episcopi
478 3216 614 3280 aedibus
640 3217 820 3282 Cracoviae
845 3216 1052 3281 solutioribus
1076 3216 1254 3279 amicorum
1279 3213 1384 3299 epulis
1408 3215 1459 3277 in-

312 3323 478 3386 terfuisset
509 3346 609 3407 eoque
642 3323 683 3386 ad
715 3323 950 3387 devastandam
983 3323 1091 3386 sedem
1123 3321 1213 3385 illam
1240 3318 1460 3406 episcopalem

313 3429 514 3494 contulisset.
544 3429 675 3494 aliunde
700 3433 864 3514 cognitum
889 3429 1054 3494 habemus.
1086 3429 1237 3494 Ceterum
1261 3450 1458 3513 quamquem

312 3535 353 3599 dc
378 3537 510 3618 ratione.
534 3560 616 3622 quae
639 3539 724 3601 inter
748 3537 995 3620 Zobridoviurn,
1028 3537 1188 3600 Maceovii
1212 3537 1245 3598 in
1270 3537 1458 3620 episcopatu

313 3644 516 3706 cracoviensi
534 3665 763 3720 successorem,
788 3645 1011 3732 ltoyziumque
1027 3642 1257 3724 intercedebat,
1278 3641 1357 3705 nibil
1376 3643 1457 3707 certi

313 3751 507 3836 accepimus,
530 3761 637 3813 tamen
663 3751 768 3835 ipsum
794 3752 908 3839 Royaii
933 3750 973 3814 de
997 3750 1058 3815 boc
1080 3752 1150 3814 viro
1175 3749 1337 3813 silentium
1359 3750 1458 3813 artiu-

314 3877 382 3918 rem
406 3879 479 3919 cum
505 3880 542 3919 co
559 3857 832 3921 necessitudinem
848 3857 1003 3941 excludit,
1027 3880 1130 3942 neque
1147 3857 1282 3921 dubium
1299 3870 1355 3927 est¹¹
1379 3857 1457 3940 quin

314 3983 399 4024 novo
424 3962 619 4026 cuneellario
644 3963 757 4049 lloyaii
783 3965 930 4028 condicio
962 3965 994 4026 in
1020 3965 1231 4028 universitate
1256 3962 1456 4027 cracoviensi
1483 3971 1488 3980 '

427 4251 444 4311 ¹)
464 4250 572 4298 Praetor
592 4266 637 4305 ca.
663 4269 730 4316 quae
749 4253 781 4300 do
801 4252 851 4302 bac
870 4269 898 4301 re
919 4254 944 4301 iu
965 4253 1061 4317 polone
1081 4268 1139 4301 mea
1157 4253 1344 4300 dissertatione
1365 4249 1458 4312 adtuli,

318 4340 409 4387 confer
428 4339 464 4387 sis
484 4338 580 4386 librum
594 4356 618 4403 q.
633 4341 649 4390 i.
664 4341 818 4390 l'olniseher
832 4341 1006 4403 Bi'rchersaal;
1027 4350 1110 4391 erstes
1128 4341 1218 4391 stru-t.
1241 4340 1349 4388 ltreslan
1363 4340 1458 4403 (Korn)

319 4424 400 4476 1756:
422 4443 463 4491 pg.
486 4425 517 4477 17
537 4444 574 4492 sq⁴
608 4430 701 4479 Exstat
722 4446 784 4479 vero
804 4431 847 4481 lric
866 4431 933 4480 liber
951 4433 979 4479 in
999 4431 1161 4480 bibliotheca
1182 4430 1326 4488 ossolinea,
1353 4431 1398 4480 ubi
1417 4443 1462 4477 re·

317 4523 422 4576 partum
441 4515 572 4566 iudicavit
590 4518 654 4566 mibi
675 4520 824 4569 Stanislaus
847 4522 964 4570 llomrne.
