3016 5310
660 441 736 474 latrat
756 441 844 475 Romi

782 512 785 516 .
814 509 1283 520 .-.—-—--—.-—..—.———-—-——

779 523 786 527 .
797 522 1106 529 -..——.....-..—-.
1116 522 1283 531 ——-—.=

294 633 392 697 Hunc
415 654 503 697 nanc
528 632 684 719 impavidi
708 632 821 698 brevia
844 634 929 697 intra
953 635 1081 698 moenia
1105 634 1195 699 cives

294 740 513 805 Contemnunt
537 762 709 826 coramque
733 739 853 805 audent
876 741 986 805 excire
1008 740 1177 805 tumultus.

187 869 257 910 uuo.
290 847 340 925 Et,
363 846 447 933 quod
471 847 562 910 triste
586 847 690 931 magis
713 846 865 932 quodque
887 847 1018 911 exitiale
1037 858 1190 936 tyranno,

293 952 475 1018 Concilium
499 975 647 1038 proceres
670 953 795 1038 agitant
818 954 988 1037 carnisque
1012 965 1154 1039 senatus,

293 1060 417 1122 Ponere
440 1058 565 1143 regales
589 1059 693 1123 fasces
716 1071 747 1122 et
773 1069 899 1146 sceptra
922 1072 1096 1146 negantem

295 1168 357 1231 Seu
381 1164 517 1250 perdant
543 1165 637 1249 ferro,
661 1188 717 1229 seu
742 1178 873 1252 captum
896 1167 931 1230 in
954 1166 1087 1231 vincula
1109 1166 1241 1232 ducant.

293 1271 391 1334 l‘erre
415 1270 553 1334 Boleslai
578 1272 642 1334 iam
667 1271 792 1336 dudum
813 1272 896 1336 dura
919 1273 1097 1360 nequibant

188 1399 258 1441 aaa.
290 1378 430 1463 Imperia
452 1378 543 1442 exosi
566 1388 598 1440 et
621 1378 719 1442 nullis
742 1379 909 1444 tolerabile
929 1402 1074 1465 regnum.

290 1484 363 1548 Non
387 1484 448 1548 hoe
472 1485 597 1570 grande
618 1485 740 1548 malum
764 1486 826 1549 diri
851 1488 967 1550 crinita
991 1496 1135 1551 cometae

291 1590 459 1655 l‘raeluxit
482 1591 540 1654 fax
564 1591 639 1674 ulla,
663 1591 750 1655 leves
770 1616 852 1679 quae
876 1592 983 1657 sidera
1006 1605 1097 1657 vates

291 1697 429 1762 Conscia
453 1698 592 1762 fatorum
617 1697 740 1781 dicunt,
764 1720 924 1782 canisque
948 1701 1083 1784 futuroa,

291 1803 478 1889 Regnorum
501 1804 632 1867 excidia
654 1817 685 1868 et
709 1828 822 1891 regum
845 1806 1036 1891 portendere
1061 1807 1151 1871 caelo

186 1931 257 1973 ato.
291 1909 472 1996 Cladesque
495 1922 690 1997 stragesque,
715 1924 810 1998 atque
834 1912 1008 1976 illaetabile
1031 1912 1185 1977 bellum1.

382 2018 468 2102 Ergo
492 2016 547 2080 ubi
572 2041 606 2081 se
628 2020 732 2104 primo
755 2021 855 2083 sensit
878 2042 1005 2084 rumore
1028 2021 1165 2106 petitum

292 2123 434 2208 Insidiis,
457 2123 603 2188 cecidere
627 2126 736 2209 animi,
760 2148 820 2191 nec
843 2127 974 2191 conscia
996 2127 1078 2191 tanti

289 2230 382 2295 biens
406 2230 536 2295 sceleris
560 2232 655 2315 stetit,
679 2233 801 2297 invicto
824 2256 888 2295 non
911 2244 1040 2319 pectore
1064 2235 1178 2298 virtus.

291 2337 379 2415 Quid
403 2338 502 2401 faciat
526 2361 584 2401 rcx
608 2339 733 2417 infelix,
757 2341 809 2404 cui
834 2341 923 2421 regia
947 2352 1083 2404 nonest

185 2464 258 2506 aas.
290 2443 374 2506 Tuta
397 2454 445 2506 sat
471 2445 560 2507 iratis
584 2446 754 2531 patribus?
779 2446 934 2510 subeatne
956 2446 1138 2532 periclum?

290 2549 418 2634 Cogitat
441 2552 575 2615 instanti
600 2576 669 2615 sese
693 2551 874 2616 subducere
897 2553 964 2617 fato

289 2654 422 2720 lllolitur
443 2658 641 2740 tacitamque
666 2659 787 2742 fugam,
813 2682 977 2745 regnoque
1001 2659 1114 2724 relicto

290 2763 372 2826 Cum
397 2785 496 2847 parvo
520 2775 609 2827 ratas
632 2765 783 2828 exsilium
808 2765 868 2828 sibi
893 2789 1048 2852 quaerere
1071 2777 1156 2851 nato,

288 2869 490 2933 Pannoniam
515 2872 603 2933 venit
627 2893 800 2957 regemque
823 2873 937 2958 petivit
960 2874 1112 2957 amicum,

184 2995 255 3038 ano.
288 2975 436 3039 Eiectum
460 2999 559 3061 regno
584 3000 680 3060 quem
704 2978 866 3063 quondam
891 2980 925 3042 in
950 2989 1076 3066 sceptra
1099 2979 1239 3044 reduxit

289 3082 362 3146 Illic
386 3106 451 3146 nou
474 3106 599 3167 aurum,
623 3108 686 3147 non
711 3084 778 3149 illic
801 3087 891 3171 regia
913 3110 1003 3172 gaza,

288 3189 361 3251 Non
386 3191 541 3254 structive
564 3193 634 3276 tori,
659 3215 723 3255 non
747 3192 812 3255 alta
836 3193 957 3279 palatia
979 3193 1110 3258 desunt:
1160 3186 1165 3197 ’

288 3293 348 3358 Ille
371 3296 467 3359 11101lo
490 3310 653 3382 exposcat,
678 3321 741 3361 non
766 3299 832 3363 ulla
855 3310 973 3383 negata
995 3299 1154 3387 voluptas.

381 3402 443 3466 llic
467 3404 617 3488 primum,
641 3404 771 3469 sceleris
795 3409 928 3471 memori
952 3430 1027 3472 cum
1051 3429 1150 3472 saeva
1174 3407 1280 3494 quieru

183 3528 253 3570 aaa.
284 3507 390 3572 Corrla
413 3509 569 3595 Boleslao,
593 3512 761 3597 positoque
784 3514 899 3576 insana
922 3515 1030 3577 furore

288 3615 438 3678 llxcessit
462 3616 567 3681 rabies
592 3629 622 3681 et
645 3619 783 3704 pristina
805 3620 931 3683 reddita
955 3643 1045 3684 mens
1068 3629 1126 3704 est,

286 3721 389 3785 Multa
412 3746 545 3787 movens
568 3726 676 3789 animo
699 3725 828 3789 turbato
851 3739 979 3812 pectore
1003 3727 1102 3790 fatus:

287 3828 381 3911 ¹„Heu
406 3831 514 3915 quido,
538 3832 591 3915 ait,
616 3832 724 3915 ,volui
749 3834 867 3895 miser?
892 3842 947 3895 aut
971 3834 1042 3919 quis
1066 3833 1196 3920 impulit
1214 3857 1280 3899 erre

287 3935 442 3998 Sanctum
465 3937 650 4022 pontificem
674 3938 787 4001 divum
811 3939 985 4003 sceleratus
1010 3938 1051 4002 ad
1076 3962 1150 4003 aras

181 4061 251 4104 ooo.
284 4041 449 4125 sacrilega
473 4042 577 4105 occidi
602 4042 725 4127 dextra,
750 4068 930 4133 corpusque
955 4057 1117 4110 saeratum

287 4304 294 4332 ¹
317 4307 361 4356 Uti
381 4307 486 4358 videtur
505 4308 570 4358 data
589 4311 737 4373 occasione,
757 4320 787 4361 ut
805 4312 960 4378 astrologos,
979 4329 1044 4377 quoa
1058 4328 1141 4363 vanos
1155 4312 1279 4378 sellacort

176 4407 236 4444 earo
254 4393 345 4444 multis
364 4394 429 4446 locis
448 4398 664 4463 carminibusque
684 4399 892 4465 demonstrabat,
917 4401 999 4451 etiam
1018 4401 1068 4451 hoc
1087 4400 1145 4452 loco
1170 4401 1279 4452 rationi!

178 4480 254 4531 fuluis
273 4483 322 4532 niti
342 4483 469 4537 declaret.
