<?xml version="1.0" encoding="UTF-8"?>
<!DOCTYPE html PUBLIC "-//W3C//DTD XHTML 1.0 Transitional//EN"
    "http://www.w3.org/TR/xhtml1/DTD/xhtml1-transitional.dtd">
<html xmlns="http://www.w3.org/1999/xhtml" xml:lang="en" lang="en">
 <head>
  <title>
</title>
<meta http-equiv="Content-Type" content="text/html;charset=utf-8" />
  <meta name='ocr-system' content='tesseract 3.04.00' />
  <meta name='ocr-capabilities' content='ocr_page ocr_carea ocr_par ocr_line ocrx_word'/>
</head>
<body>
  <div class='ocr_page' id='page_1' title='image "./petriroyziimaur01morogoog_0239.png"; bbox 0 0 3016 5310; ppageno 0'>
   <div class='ocr_carea' id='block_1_1' title="bbox 184 448 1311 4173">
    <p class='ocr_par' dir='ltr' id='par_1_1' title="bbox 204 448 1179 1276">
     <span class='ocr_line' id='line_1_1' title="bbox 628 448 813 492; baseline 0.005 -1"><span class='ocrx_word' id='word_1_1' title='bbox 628 448 707 492; x_wconf 75' lang='lat' dir='ltr'><strong>rarxr</strong></span> <span class='ocrx_word' id='word_1_2' title='bbox 725 456 813 492; x_wconf 77' lang='lat' dir='ltr'><strong>noran</strong></span> 
     </span>
     <span class='ocr_line' id='line_1_2' title="bbox 283 652 1179 741; baseline 0.003 -24"><span class='ocrx_word' id='word_1_3' title='bbox 283 652 440 718; x_wconf 84' lang='lat' dir='ltr'><strong>Ablatum</strong></span> <span class='ocrx_word' id='word_1_4' title='bbox 463 662 565 718; x_wconf 88' lang='lat' dir='ltr'><strong>morte</strong></span> <span class='ocrx_word' id='word_1_5' title='bbox 588 662 620 718; x_wconf 89' lang='lat' dir='ltr'><strong>et</strong></span> <span class='ocrx_word' id='word_1_6' title='bbox 642 654 779 717; x_wconf 89' lang='lat' dir='ltr'><strong>nimium</strong></span> <span class='ocrx_word' id='word_1_7' title='bbox 803 653 1051 741; x_wconf 75' lang='lat' dir='ltr'><strong>properantibus</strong></span> <span class='ocrx_word' id='word_1_8' title='bbox 1075 656 1179 721; x_wconf 90' lang='lat' dir='ltr'><strong>annis.</strong></span> 
     </span>
     <span class='ocr_line' id='line_1_3' title="bbox 204 759 1109 848; baseline 0.002 -24"><span class='ocrx_word' id='word_1_9' title='bbox 204 782 252 826; x_wconf 77' lang='lat' dir='ltr'><strong>rs.</strong></span> <span class='ocrx_word' id='word_1_10' title='bbox 283 762 408 846; x_wconf 87' lang='lat' dir='ltr'><strong>Lugete</strong></span> <span class='ocrx_word' id='word_1_11' title='bbox 431 761 638 844; x_wconf 86' lang='lat' dir='ltr'><strong>exstinctum,</strong></span> <span class='ocrx_word' id='word_1_12' title='bbox 662 759 757 825; x_wconf 90' lang='lat' dir='ltr'><strong>modo</strong></span> <span class='ocrx_word' id='word_1_13' title='bbox 781 761 835 848; x_wconf 93' lang='lat' dir='ltr'><strong>qui</strong></span> <span class='ocrx_word' id='word_1_14' title='bbox 860 760 999 826; x_wconf 77' lang='lat' dir='ltr'><strong>feliciter</strong></span> <span class='ocrx_word' id='word_1_15' title='bbox 1022 785 1109 826; x_wconf 86' lang='lat' dir='ltr'><strong>unus</strong></span> 
     </span>
     <span class='ocr_line' id='line_1_4' title="bbox 285 866 1163 955; baseline 0 -23"><span class='ocrx_word' id='word_1_16' title='bbox 285 867 437 933; x_wconf 79' lang='lat' dir='ltr'><strong>Consiliis</strong></span> <span class='ocrx_word' id='word_1_17' title='bbox 460 868 597 954; x_wconf 89' lang='lat' dir='ltr'><strong>patriam</strong></span> <span class='ocrx_word' id='word_1_18' title='bbox 621 866 791 932; x_wconf 87' lang='lat' dir='ltr'><strong>vobiscum</strong></span> <span class='ocrx_word' id='word_1_19' title='bbox 815 877 846 933; x_wconf 90' lang='lat' dir='ltr'><strong>et</strong></span> <span class='ocrx_word' id='word_1_20' title='bbox 869 866 1049 955; x_wconf 84' lang='lat' dir='ltr'><strong>grandibus</strong></span> <span class='ocrx_word' id='word_1_21' title='bbox 1073 870 1163 933; x_wconf 86' lang='lat' dir='ltr'><strong>ausis</strong></span> 
     </span>
     <span class='ocr_line' id='line_1_5' title="bbox 284 974 976 1062; baseline 0.003 -24"><span class='ocrx_word' id='word_1_22' title='bbox 284 975 423 1039; x_wconf 80' lang='lat' dir='ltr'><strong>&#39;lutatus</strong></span> <span class='ocrx_word' id='word_1_23' title='bbox 447 974 556 1039; x_wconf 90' lang='lat' dir='ltr'><strong>dubiis</strong></span> <span class='ocrx_word' id='word_1_24' title='bbox 579 975 702 1062; x_wconf 83' lang='lat' dir='ltr'><strong>peperit</strong></span> <span class='ocrx_word' id='word_1_25' title='bbox 726 974 847 1039; x_wconf 89' lang='lat' dir='ltr'><strong>solacia</strong></span> <span class='ocrx_word' id='word_1_26' title='bbox 869 976 976 1060; x_wconf 88' lang='lat' dir='ltr'><strong>rebus,</strong></span> 
     </span>
     <span class='ocr_line' id='line_1_6' title="bbox 288 1081 1156 1169; baseline -0.001 -21"><span class='ocrx_word' id='word_1_27' title='bbox 288 1081 453 1169; x_wconf 79' lang='lat' dir='ltr'><strong>Saepeque</strong></span> <span class='ocrx_word' id='word_1_28' title='bbox 477 1105 534 1146; x_wconf 87' lang='lat' dir='ltr'><strong>vos</strong></span> <span class='ocrx_word' id='word_1_29' title='bbox 558 1083 649 1166; x_wconf 91' lang='lat' dir='ltr'><strong>inter,</strong></span> <span class='ocrx_word' id='word_1_30' title='bbox 673 1083 700 1145; x_wconf 89' lang='lat' dir='ltr'><strong>si</strong></span> <span class='ocrx_word' id='word_1_31' title='bbox 723 1105 788 1168; x_wconf 89' lang='lat' dir='ltr'><strong>qua</strong></span> <span class='ocrx_word' id='word_1_32' title='bbox 811 1091 859 1147; x_wconf 87' lang='lat' dir='ltr'><strong>cst</strong></span> <span class='ocrx_word' id='word_1_33' title='bbox 882 1082 1046 1147; x_wconf 86' lang='lat' dir='ltr'><strong>discordia</strong></span> <span class='ocrx_word' id='word_1_34' title='bbox 1069 1093 1156 1169; x_wconf 81' lang='lat' dir='ltr'><strong>nata,</strong></span> 
     </span>
     <span class='ocr_line' id='line_1_7' title="bbox 285 1187 1095 1276; baseline -0.001 -21"><span class='ocrx_word' id='word_1_35' title='bbox 285 1187 404 1255; x_wconf 87' lang='lat' dir='ltr'><strong>Omnia</strong></span> <span class='ocrx_word' id='word_1_36' title='bbox 428 1190 607 1276; x_wconf 81' lang='lat' dir='ltr'><strong>composuit</strong></span> <span class='ocrx_word' id='word_1_37' title='bbox 630 1188 757 1253; x_wconf 88' lang='lat' dir='ltr'><strong>medius</strong></span> <span class='ocrx_word' id='word_1_38' title='bbox 780 1189 933 1276; x_wconf 89' lang='lat' dir='ltr'><strong>litemque</strong></span> <span class='ocrx_word' id='word_1_39' title='bbox 957 1190 1095 1256; x_wconf 88' lang='lat' dir='ltr'><strong>diremit.</strong></span> 
     </span>
    </p>

    <p class='ocr_par' dir='ltr' id='par_1_2' title="bbox 204 1294 1140 1385">
     <span class='ocr_line' id='line_1_8' title="bbox 204 1294 1140 1385; baseline 0.002 -24"><span class='ocrx_word' id='word_1_40' title='bbox 204 1318 253 1362; x_wconf 81' lang='lat' dir='ltr'><strong>oo.</strong></span> <span class='ocrx_word' id='word_1_41' title='bbox 373 1297 513 1380; x_wconf 84' lang='lat' dir='ltr'><strong>Amisso,</strong></span> <span class='ocrx_word' id='word_1_42' title='bbox 537 1295 661 1381; x_wconf 83' lang='lat' dir='ltr'><strong>infelix,</strong></span> <span class='ocrx_word' id='word_1_43' title='bbox 684 1294 849 1381; x_wconf 86' lang='lat' dir='ltr'><strong>Gamrato,</strong></span> <span class='ocrx_word' id='word_1_44' title='bbox 874 1296 1031 1382; x_wconf 76' lang='lat' dir='ltr'><strong>Sarmata,</strong></span> <span class='ocrx_word' id='word_1_45' title='bbox 1054 1297 1140 1385; x_wconf 87' lang='lat' dir='ltr'><strong>luge.</strong></span> 
     </span>
    </p>

    <p class='ocr_par' dir='ltr' id='par_1_3' title="bbox 284 1402 1159 1812">
     <span class='ocr_line' id='line_1_9' title="bbox 287 1402 1159 1488; baseline 0.001 -21"><span class='ocrx_word' id='word_1_46' title='bbox 287 1404 329 1467; x_wconf 86' lang='lat' dir='ltr'><strong>Et</strong></span> <span class='ocrx_word' id='word_1_47' title='bbox 351 1413 396 1488; x_wconf 90' lang='lat' dir='ltr'><strong>tu,</strong></span> <span class='ocrx_word' id='word_1_48' title='bbox 419 1402 562 1487; x_wconf 86' lang='lat' dir='ltr'><strong>Gnezna,</strong></span> <span class='ocrx_word' id='word_1_49' title='bbox 585 1414 658 1467; x_wconf 88' lang='lat' dir='ltr'><strong>tuas</strong></span> <span class='ocrx_word' id='word_1_50' title='bbox 681 1424 756 1467; x_wconf 90' lang='lat' dir='ltr'><strong>cum</strong></span> <span class='ocrx_word' id='word_1_51' title='bbox 779 1404 881 1466; x_wconf 87' lang='lat' dir='ltr'><strong>durus</strong></span> <span class='ocrx_word' id='word_1_52' title='bbox 905 1405 1039 1468; x_wconf 88' lang='lat' dir='ltr'><strong>nuntius</strong></span> <span class='ocrx_word' id='word_1_53' title='bbox 1063 1427 1159 1470; x_wconf 89' lang='lat' dir='ltr'><strong>aures</strong></span> 
     </span>
     <span class='ocr_line' id='line_1_10' title="bbox 285 1509 1138 1598; baseline 0.002 -24"><span class='ocrx_word' id='word_1_54' title='bbox 285 1510 454 1595; x_wconf 80' lang='lat' dir='ltr'><strong>Vulnerat,</strong></span> <span class='ocrx_word' id='word_1_55' title='bbox 477 1510 593 1574; x_wconf 83' lang='lat' dir='ltr'><strong>infelix</strong></span> <span class='ocrx_word' id='word_1_56' title='bbox 616 1509 739 1574; x_wconf 91' lang='lat' dir='ltr'><strong>luctum</strong></span> <span class='ocrx_word' id='word_1_57' title='bbox 764 1509 980 1598; x_wconf 79' lang='lat' dir='ltr'><strong>lacrimasque</strong></span> <span class='ocrx_word' id='word_1_58' title='bbox 1002 1512 1138 1596; x_wconf 81' lang='lat' dir='ltr'><strong>tenebis,</strong></span> 
     </span>
     <span class='ocr_line' id='line_1_11' title="bbox 285 1618 1155 1704; baseline 0 -22"><span class='ocrx_word' id='word_1_59' title='bbox 285 1618 454 1682; x_wconf 87' lang='lat' dir='ltr'><strong>Rectorem</strong></span> <span class='ocrx_word' id='word_1_60' title='bbox 478 1619 624 1682; x_wconf 87' lang='lat' dir='ltr'><strong>amisisse</strong></span> <span class='ocrx_word' id='word_1_61' title='bbox 648 1627 740 1680; x_wconf 91' lang='lat' dir='ltr'><strong>tuum</strong></span> <span class='ocrx_word' id='word_1_62' title='bbox 764 1618 914 1704; x_wconf 82' lang='lat' dir='ltr'><strong>vitaeque</strong></span> <span class='ocrx_word' id='word_1_63' title='bbox 937 1619 1155 1704; x_wconf 83' lang='lat' dir='ltr'><strong>magistrum?</strong></span> 
     </span>
     <span class='ocr_line' id='line_1_12' title="bbox 284 1724 1108 1812; baseline 0.001 -23"><span class='ocrx_word' id='word_1_64' title='bbox 284 1725 462 1789; x_wconf 83' lang='lat' dir='ltr'><strong>Absentem</strong></span> <span class='ocrx_word' id='word_1_65' title='bbox 486 1724 601 1788; x_wconf 86' lang='lat' dir='ltr'><strong>infelix</strong></span> <span class='ocrx_word' id='word_1_66' title='bbox 625 1725 742 1788; x_wconf 86' lang='lat' dir='ltr'><strong>animis</strong></span> <span class='ocrx_word' id='word_1_67' title='bbox 769 1735 801 1789; x_wconf 92' lang='lat' dir='ltr'><strong>ct</strong></span> <span class='ocrx_word' id='word_1_68' title='bbox 824 1735 931 1789; x_wconf 89' lang='lat' dir='ltr'><strong>mente</strong></span> <span class='ocrx_word' id='word_1_69' title='bbox 955 1726 1108 1812; x_wconf 89' lang='lat' dir='ltr'><strong>requires.</strong></span> 
     </span>
    </p>

    <p class='ocr_par' dir='ltr' id='par_1_4' title="bbox 203 1831 1200 2243">
     <span class='ocr_line' id='line_1_13' title="bbox 203 1831 1174 1920; baseline 0.002 -25"><span class='ocrx_word' id='word_1_70' title='bbox 203 1853 251 1896; x_wconf 78' lang='lat' dir='ltr'><strong>ss.</strong></span> <span class='ocrx_word' id='word_1_71' title='bbox 284 1833 390 1912; x_wconf 82' lang='lat' dir='ltr'><strong>Quem</strong></span> <span class='ocrx_word' id='word_1_72' title='bbox 412 1855 516 1918; x_wconf 87' lang='lat' dir='ltr'><strong>nuper</strong></span> <span class='ocrx_word' id='word_1_73' title='bbox 539 1854 658 1917; x_wconf 83' lang='lat' dir='ltr'><strong>magna</strong></span> <span class='ocrx_word' id='word_1_74' title='bbox 682 1831 801 1895; x_wconf 86' lang='lat' dir='ltr'><strong>laetum</strong></span> <span class='ocrx_word' id='word_1_75' title='bbox 825 1842 881 1896; x_wconf 89' lang='lat' dir='ltr'><strong>tua</strong></span> <span class='ocrx_word' id='word_1_76' title='bbox 904 1833 1031 1897; x_wconf 88' lang='lat' dir='ltr'><strong>moenia</strong></span> <span class='ocrx_word' id='word_1_77' title='bbox 1054 1856 1174 1920; x_wconf 92' lang='lat' dir='ltr'><strong>pompa</strong></span> 
     </span>
     <span class='ocr_line' id='line_1_14' title="bbox 285 1938 1070 2027; baseline 0.003 -24"><span class='ocrx_word' id='word_1_78' title='bbox 285 1940 464 2003; x_wconf 88' lang='lat' dir='ltr'><strong>Intrantom</strong></span> <span class='ocrx_word' id='word_1_79' title='bbox 488 1939 598 2004; x_wconf 85' lang='lat' dir='ltr'><strong>vidisti</strong></span> <span class='ocrx_word' id='word_1_80' title='bbox 622 1940 706 2002; x_wconf 92' lang='lat' dir='ltr'><strong>inter</strong></span> <span class='ocrx_word' id='word_1_81' title='bbox 727 1938 888 2026; x_wconf 87' lang='lat' dir='ltr'><strong>lituosque</strong></span> <span class='ocrx_word' id='word_1_82' title='bbox 910 1938 1070 2027; x_wconf 87' lang='lat' dir='ltr'><strong>tubasque</strong></span> 
     </span>
     <span class='ocr_line' id='line_1_15' title="bbox 287 2045 1171 2132; baseline 0.003 -22"><span class='ocrx_word' id='word_1_83' title='bbox 287 2045 513 2110; x_wconf 84' lang='lat' dir='ltr'><strong>Exsultantem</strong></span> <span class='ocrx_word' id='word_1_84' title='bbox 537 2047 654 2110; x_wconf 86' lang='lat' dir='ltr'><strong>animis</strong></span> <span class='ocrx_word' id='word_1_85' title='bbox 677 2057 708 2110; x_wconf 90' lang='lat' dir='ltr'><strong>et</strong></span> <span class='ocrx_word' id='word_1_86' title='bbox 732 2046 778 2109; x_wconf 93' lang='lat' dir='ltr'><strong>nil</strong></span> <span class='ocrx_word' id='word_1_87' title='bbox 802 2057 880 2111; x_wconf 91' lang='lat' dir='ltr'><strong>tunc</strong></span> <span class='ocrx_word' id='word_1_88' title='bbox 906 2047 971 2112; x_wconf 86' lang='lat' dir='ltr'><strong>tale</strong></span> <span class='ocrx_word' id='word_1_89' title='bbox 994 2048 1171 2132; x_wconf 87' lang='lat' dir='ltr'><strong>timentem,</strong></span> 
     </span>
     <span class='ocr_line' id='line_1_16' title="bbox 287 2154 1200 2243; baseline 0.004 -26"><span class='ocrx_word' id='word_1_90' title='bbox 287 2155 495 2218; x_wconf 82' lang='lat' dir='ltr'><strong>Exstinctum</strong></span> <span class='ocrx_word' id='word_1_91' title='bbox 519 2154 659 2239; x_wconf 87' lang='lat' dir='ltr'><strong>accipies</strong></span> <span class='ocrx_word' id='word_1_92' title='bbox 683 2164 714 2217; x_wconf 89' lang='lat' dir='ltr'><strong>ot</strong></span> <span class='ocrx_word' id='word_1_93' title='bbox 737 2155 802 2217; x_wconf 92' lang='lat' dir='ltr'><strong>iam</strong></span> <span class='ocrx_word' id='word_1_94' title='bbox 826 2155 896 2219; x_wconf 88' lang='lat' dir='ltr'><strong>sine</strong></span> <span class='ocrx_word' id='word_1_95' title='bbox 919 2156 1048 2220; x_wconf 89' lang='lat' dir='ltr'><strong>nomine</strong></span> <span class='ocrx_word' id='word_1_96' title='bbox 1072 2178 1200 2243; x_wconf 76' lang='lat' dir='ltr'><strong>corpus,</strong></span> 
     </span>
    </p>

    <p class='ocr_par' dir='ltr' id='par_1_5' title="bbox 375 2260 1139 2349">
     <span class='ocr_line' id='line_1_17' title="bbox 375 2260 1139 2349; baseline 0.004 -24"><span class='ocrx_word' id='word_1_97' title='bbox 375 2262 514 2346; x_wconf 84' lang='lat' dir='ltr'><strong>Amisso,</strong></span> <span class='ocrx_word' id='word_1_98' title='bbox 538 2261 661 2345; x_wconf 86' lang='lat' dir='ltr'><strong>infelix,</strong></span> <span class='ocrx_word' id='word_1_99' title='bbox 684 2260 848 2345; x_wconf 82' lang='lat' dir='ltr'><strong>Gamrato,</strong></span> <span class='ocrx_word' id='word_1_100' title='bbox 873 2261 1030 2348; x_wconf 81' lang='lat' dir='ltr'><strong>Sarmata,</strong></span> <span class='ocrx_word' id='word_1_101' title='bbox 1053 2262 1139 2349; x_wconf 89' lang='lat' dir='ltr'><strong>luge.</strong></span> 
     </span>
    </p>

    <p class='ocr_par' dir='ltr' id='par_1_6' title="bbox 205 2367 1264 2778">
     <span class='ocr_line' id='line_1_18' title="bbox 205 2367 1264 2458; baseline 0.005 -26"><span class='ocrx_word' id='word_1_102' title='bbox 205 2390 252 2433; x_wconf 80' lang='lat' dir='ltr'><strong>oo.</strong></span> <span class='ocrx_word' id='word_1_103' title='bbox 283 2369 333 2432; x_wconf 85' lang='lat' dir='ltr'><strong>Tu</strong></span> <span class='ocrx_word' id='word_1_104' title='bbox 358 2390 493 2455; x_wconf 89' lang='lat' dir='ltr'><strong>quoquc,</strong></span> <span class='ocrx_word' id='word_1_105' title='bbox 516 2390 599 2454; x_wconf 88' lang='lat' dir='ltr'><strong>quae</strong></span> <span class='ocrx_word' id='word_1_106' title='bbox 622 2367 756 2432; x_wconf 83' lang='lat' dir='ltr'><strong>vixdum</strong></span> <span class='ocrx_word' id='word_1_107' title='bbox 780 2367 923 2433; x_wconf 87' lang='lat' dir='ltr'><strong>lacrimis</strong></span> <span class='ocrx_word' id='word_1_108' title='bbox 947 2368 1106 2435; x_wconf 90' lang='lat' dir='ltr'><strong>exhausta</strong></span> <span class='ocrx_word' id='word_1_109' title='bbox 1129 2372 1264 2458; x_wconf 80' lang='lat' dir='ltr'><strong>quieras</strong></span> 
     </span>
     <span class='ocr_line' id='line_1_19' title="bbox 286 2474 1182 2563; baseline 0.003 -23"><span class='ocrx_word' id='word_1_110' title='bbox 286 2476 453 2557; x_wconf 84' lang='lat' dir='ltr'><strong>Oracovia,</strong></span> <span class='ocrx_word' id='word_1_111' title='bbox 479 2474 651 2539; x_wconf 86' lang='lat' dir='ltr'><strong>Helisabes</strong></span> <span class='ocrx_word' id='word_1_112' title='bbox 675 2485 747 2561; x_wconf 90' lang='lat' dir='ltr'><strong>post</strong></span> <span class='ocrx_word' id='word_1_113' title='bbox 770 2475 876 2539; x_wconf 89' lang='lat' dir='ltr'><strong>flebile</strong></span> <span class='ocrx_word' id='word_1_114' title='bbox 901 2476 1000 2541; x_wconf 89' lang='lat' dir='ltr'><strong>funus</strong></span> <span class='ocrx_word' id='word_1_115' title='bbox 1024 2487 1151 2543; x_wconf 88' lang='lat' dir='ltr'><strong>amatae</strong></span> <span class='ocrx_word' id='word_1_116' title='bbox 1163 2483 1182 2563; x_wconf 90' lang='lat'><strong>¹,</strong></span> 
     </span>
     <span class='ocr_line' id='line_1_20' title="bbox 285 2581 1217 2672; baseline 0.002 -25"><span class='ocrx_word' id='word_1_117' title='bbox 285 2584 337 2647; x_wconf 90' lang='lat' dir='ltr'><strong>lro</strong></span> <span class='ocrx_word' id='word_1_118' title='bbox 360 2584 477 2647; x_wconf 90' lang='lat' dir='ltr'><strong>iterum</strong></span> <span class='ocrx_word' id='word_1_119' title='bbox 501 2583 534 2644; x_wconf 93' lang='lat' dir='ltr'><strong>in</strong></span> <span class='ocrx_word' id='word_1_120' title='bbox 557 2581 709 2646; x_wconf 87' lang='lat' dir='ltr'><strong>lacrimas</strong></span> <span class='ocrx_word' id='word_1_121' title='bbox 732 2592 763 2646; x_wconf 91' lang='lat' dir='ltr'><strong>et</strong></span> <span class='ocrx_word' id='word_1_122' title='bbox 786 2582 923 2648; x_wconf 87' lang='lat' dir='ltr'><strong>tundere</strong></span> <span class='ocrx_word' id='word_1_123' title='bbox 945 2594 1077 2670; x_wconf 89' lang='lat' dir='ltr'><strong>pectora</strong></span> <span class='ocrx_word' id='word_1_124' title='bbox 1099 2584 1217 2672; x_wconf 87' lang='lat' dir='ltr'><strong>palmis</strong></span> 
     </span>
     <span class='ocr_line' id='line_1_21' title="bbox 286 2688 1136 2778; baseline 0.001 -23"><span class='ocrx_word' id='word_1_125' title='bbox 286 2690 419 2776; x_wconf 83' lang='lat' dir='ltr'><strong>Cogeris</strong></span> <span class='ocrx_word' id='word_1_126' title='bbox 443 2689 604 2753; x_wconf 83' lang='lat' dir='ltr'><strong>exstincto</strong></span> <span class='ocrx_word' id='word_1_127' title='bbox 627 2699 658 2752; x_wconf 88' lang='lat' dir='ltr'><strong>et</strong></span> <span class='ocrx_word' id='word_1_128' title='bbox 681 2688 814 2775; x_wconf 88' lang='lat' dir='ltr'><strong>longum</strong></span> <span class='ocrx_word' id='word_1_129' title='bbox 838 2689 949 2776; x_wconf 91' lang='lat' dir='ltr'><strong>lugere</strong></span> <span class='ocrx_word' id='word_1_130' title='bbox 972 2693 1136 2778; x_wconf 86' lang='lat' dir='ltr'><strong>magistro.</strong></span> 
     </span>
    </p>

    <p class='ocr_par' dir='ltr' id='par_1_7' title="bbox 374 2795 1138 2886">
     <span class='ocr_line' id='line_1_22' title="bbox 374 2795 1138 2886; baseline 0.004 -25"><span class='ocrx_word' id='word_1_131' title='bbox 374 2797 513 2881; x_wconf 84' lang='lat' dir='ltr'><strong>Amisso,</strong></span> <span class='ocrx_word' id='word_1_132' title='bbox 538 2797 661 2880; x_wconf 82' lang='lat' dir='ltr'><strong>infelix,</strong></span> <span class='ocrx_word' id='word_1_133' title='bbox 685 2795 849 2882; x_wconf 84' lang='lat' dir='ltr'><strong>Gamrato,</strong></span> <span class='ocrx_word' id='word_1_134' title='bbox 873 2797 1030 2883; x_wconf 84' lang='lat' dir='ltr'><strong>Sarmata,</strong></span> <span class='ocrx_word' id='word_1_135' title='bbox 1052 2798 1138 2886; x_wconf 89' lang='lat' dir='ltr'><strong>luge.</strong></span> 
     </span>
    </p>

    <p class='ocr_par' dir='ltr' id='par_1_8' title="bbox 205 2903 1311 3422">
     <span class='ocr_line' id='line_1_23' title="bbox 205 2903 1250 2996; baseline 0.003 -28"><span class='ocrx_word' id='word_1_136' title='bbox 205 2926 252 2968; x_wconf 80' lang='lat' dir='ltr'><strong>os.</strong></span> <span class='ocrx_word' id='word_1_137' title='bbox 284 2904 326 2968; x_wconf 81' lang='lat' dir='ltr'><strong>Et</strong></span> <span class='ocrx_word' id='word_1_138' title='bbox 349 2915 389 2987; x_wconf 85' lang='lat' dir='ltr'><strong>te,</strong></span> <span class='ocrx_word' id='word_1_139' title='bbox 412 2903 522 2987; x_wconf 84' lang='lat' dir='ltr'><strong>Roma,</strong></span> <span class='ocrx_word' id='word_1_140' title='bbox 547 2914 643 2989; x_wconf 86' lang='lat' dir='ltr'><strong>caput</strong></span> <span class='ocrx_word' id='word_1_141' title='bbox 666 2903 857 2990; x_wconf 87' lang='lat' dir='ltr'><strong>populorum</strong></span> <span class='ocrx_word' id='word_1_142' title='bbox 882 2913 978 2990; x_wconf 91' lang='lat' dir='ltr'><strong>atque</strong></span> <span class='ocrx_word' id='word_1_143' title='bbox 1002 2904 1088 2970; x_wconf 90' lang='lat' dir='ltr'><strong>orbis</strong></span> <span class='ocrx_word' id='word_1_144' title='bbox 1111 2906 1250 2996; x_wconf 90' lang='lat' dir='ltr'><strong>asylum,</strong></span> 
     </span>
     <span class='ocr_line' id='line_1_24' title="bbox 286 3010 1163 3093; baseline 0.005 -19"><span class='ocrx_word' id='word_1_145' title='bbox 286 3012 352 3075; x_wconf 88' lang='lat' dir='ltr'><strong>Istc</strong></span> <span class='ocrx_word' id='word_1_146' title='bbox 375 3010 466 3074; x_wconf 92' lang='lat' dir='ltr'><strong>dolor</strong></span> <span class='ocrx_word' id='word_1_147' title='bbox 488 3011 605 3093; x_wconf 82' lang='lat' dir='ltr'><strong>tangit3</strong></span> <span class='ocrx_word' id='word_1_148' title='bbox 629 3020 704 3074; x_wconf 81' lang='lat' dir='ltr'><strong>tuus</strong></span> <span class='ocrx_word' id='word_1_149' title='bbox 727 3010 815 3074; x_wconf 85' lang='lat' dir='ltr'><strong>huno</strong></span> <span class='ocrx_word' id='word_1_150' title='bbox 839 3033 930 3076; x_wconf 90' lang='lat' dir='ltr'><strong>sacer</strong></span> <span class='ocrx_word' id='word_1_151' title='bbox 953 3012 1007 3076; x_wconf 91' lang='lat' dir='ltr'><strong>ille</strong></span> <span class='ocrx_word' id='word_1_152' title='bbox 1031 3023 1163 3078; x_wconf 85' lang='lat' dir='ltr'><strong>senatus</strong></span> 
     </span>
     <span class='ocr_line' id='line_1_25' title="bbox 286 3116 1311 3208; baseline 0.002 -27"><span class='ocrx_word' id='word_1_153' title='bbox 286 3119 358 3182; x_wconf 93' lang='lat' dir='ltr'><strong>Non</strong></span> <span class='ocrx_word' id='word_1_154' title='bbox 383 3128 511 3204; x_wconf 86' lang='lat' dir='ltr'><strong>raptum</strong></span> <span class='ocrx_word' id='word_1_155' title='bbox 535 3127 609 3181; x_wconf 88' lang='lat' dir='ltr'><strong>ante</strong></span> <span class='ocrx_word' id='word_1_156' title='bbox 632 3116 719 3182; x_wconf 90' lang='lat' dir='ltr'><strong>diem</strong></span> <span class='ocrx_word' id='word_1_157' title='bbox 749 3140 868 3204; x_wconf 88' lang='lat' dir='ltr'><strong>magno</strong></span> <span class='ocrx_word' id='word_1_158' title='bbox 891 3119 968 3183; x_wconf 93' lang='lat' dir='ltr'><strong>olim</strong></span> <span class='ocrx_word' id='word_1_159' title='bbox 984 3121 1143 3207; x_wconf 88' lang='lat' dir='ltr'><strong>optaverit</strong></span> <span class='ocrx_word' id='word_1_160' title='bbox 1166 3131 1311 3208; x_wconf 87' lang='lat' dir='ltr'><strong>emptum,</strong></span> 
     </span>
     <span class='ocr_line' id='line_1_26' title="bbox 286 3224 1080 3312; baseline 0 -21"><span class='ocrx_word' id='word_1_161' title='bbox 286 3225 378 3309; x_wconf 84' lang='lat' dir='ltr'><strong>Cum,</strong></span> <span class='ocrx_word' id='word_1_162' title='bbox 403 3235 566 3289; x_wconf 83' lang='lat' dir='ltr'><strong>crescente</strong></span> <span class='ocrx_word' id='word_1_163' title='bbox 590 3225 675 3289; x_wconf 86' lang='lat' dir='ltr'><strong>malo</strong></span> <span class='ocrx_word' id='word_1_164' title='bbox 698 3224 840 3290; x_wconf 85' lang='lat' dir='ltr'><strong>malefidi</strong></span> <span class='ocrx_word' id='word_1_165' title='bbox 863 3225 936 3291; x_wconf 86' lang='lat' dir='ltr'><strong>labe</strong></span> <span class='ocrx_word' id='word_1_166' title='bbox 958 3227 1080 3312; x_wconf 87' lang='lat' dir='ltr'><strong>Luteri,</strong></span> 
     </span>
     <span class='ocr_line' id='line_1_27' title="bbox 287 3333 1209 3422; baseline 0.002 -23"><span class='ocrx_word' id='word_1_167' title='bbox 287 3333 473 3417; x_wconf 85' lang='lat' dir='ltr'><strong>Sarmatiae,</strong></span> <span class='ocrx_word' id='word_1_168' title='bbox 497 3333 559 3397; x_wconf 90' lang='lat' dir='ltr'><strong>hcu</strong></span> <span class='ocrx_word' id='word_1_169' title='bbox 584 3335 729 3419; x_wconf 89' lang='lat' dir='ltr'><strong>nimium,</strong></span> <span class='ocrx_word' id='word_1_170' title='bbox 753 3344 874 3398; x_wconf 89' lang='lat' dir='ltr'><strong>metuet</strong></span> <span class='ocrx_word' id='word_1_171' title='bbox 897 3335 1045 3422; x_wconf 90' lang='lat' dir='ltr'><strong>carisque</strong></span> <span class='ocrx_word' id='word_1_172' title='bbox 1068 3334 1209 3421; x_wconf 88' lang='lat' dir='ltr'><strong>Polonis,</strong></span> 
     </span>
    </p>

    <p class='ocr_par' dir='ltr' id='par_1_9' title="bbox 184 3439 1245 4173">
     <span class='ocr_line' id='line_1_28' title="bbox 184 3439 1060 3528; baseline 0.002 -23"><span class='ocrx_word' id='word_1_173' title='bbox 184 3463 251 3505; x_wconf 89' lang='lat'>100.</span> <span class='ocrx_word' id='word_1_174' title='bbox 286 3439 336 3504; x_wconf 82' lang='lat' dir='ltr'><strong>No</strong></span> <span class='ocrx_word' id='word_1_175' title='bbox 359 3440 445 3504; x_wconf 89' lang='lat' dir='ltr'><strong>mala</strong></span> <span class='ocrx_word' id='word_1_176' title='bbox 466 3442 595 3505; x_wconf 82' lang='lat' dir='ltr'><strong>vicinae</strong></span> <span class='ocrx_word' id='word_1_177' title='bbox 617 3443 724 3527; x_wconf 86' lang='lat' dir='ltr'><strong>gentis</strong></span> <span class='ocrx_word' id='word_1_178' title='bbox 748 3442 898 3528; x_wconf 85' lang='lat' dir='ltr'><strong>contagia</strong></span> <span class='ocrx_word' id='word_1_179' title='bbox 922 3442 1060 3507; x_wconf 90' lang='lat' dir='ltr'><strong>laedant.</strong></span> 
     </span>
     <span class='ocr_line' id='line_1_29' title="bbox 286 3548 1058 3634; baseline 0.005 -23"><span class='ocrx_word' id='word_1_180' title='bbox 286 3548 351 3612; x_wconf 94' lang='lat' dir='ltr'><strong>Hic</strong></span> <span class='ocrx_word' id='word_1_181' title='bbox 374 3550 491 3612; x_wconf 91' lang='lat' dir='ltr'><strong>etenim</strong></span> <span class='ocrx_word' id='word_1_182' title='bbox 517 3550 644 3634; x_wconf 87' lang='lat' dir='ltr'><strong>magnis</strong></span> <span class='ocrx_word' id='word_1_183' title='bbox 669 3560 781 3614; x_wconf 87' lang='lat' dir='ltr'><strong>contra</strong></span> <span class='ocrx_word' id='word_1_184' title='bbox 805 3549 975 3614; x_wconf 87' lang='lat' dir='ltr'><strong>conatibus</strong></span> <span class='ocrx_word' id='word_1_185' title='bbox 998 3551 1058 3615; x_wconf 87' lang='lat' dir='ltr'><strong>ivit</strong></span> 
     </span>
     <span class='ocr_line' id='line_1_30' title="bbox 286 3655 1093 3743; baseline 0 -22"><span class='ocrx_word' id='word_1_186' title='bbox 286 3655 419 3741; x_wconf 88' lang='lat' dir='ltr'><strong>Semper</strong></span> <span class='ocrx_word' id='word_1_187' title='bbox 441 3665 472 3720; x_wconf 90' lang='lat' dir='ltr'><strong>et</strong></span> <span class='ocrx_word' id='word_1_188' title='bbox 495 3656 627 3720; x_wconf 90' lang='lat' dir='ltr'><strong>ultrices</strong></span> <span class='ocrx_word' id='word_1_189' title='bbox 651 3656 790 3721; x_wconf 90' lang='lat' dir='ltr'><strong>ostendit</strong></span> <span class='ocrx_word' id='word_1_190' title='bbox 814 3656 942 3721; x_wconf 86' lang='lat' dir='ltr'><strong>civibus</strong></span> <span class='ocrx_word' id='word_1_191' title='bbox 965 3658 1058 3743; x_wconf 89' lang='lat' dir='ltr'><strong>ignes</strong></span> <span class='ocrx_word' id='word_1_192' title='bbox 1069 3662 1093 3740; x_wconf 85' lang='lat'><strong>²;</strong></span> 
     </span>
     <span class='ocr_line' id='line_1_31' title="bbox 285 3762 999 3851; baseline 0.003 -24"><span class='ocrx_word' id='word_1_193' title='bbox 285 3762 438 3849; x_wconf 88' lang='lat' dir='ltr'><strong>Reppulit</strong></span> <span class='ocrx_word' id='word_1_194' title='bbox 459 3763 591 3827; x_wconf 87' lang='lat' dir='ltr'><strong>insanos</strong></span> <span class='ocrx_word' id='word_1_195' title='bbox 614 3775 645 3828; x_wconf 86' lang='lat' dir='ltr'><strong>ct</strong></span> <span class='ocrx_word' id='word_1_196' title='bbox 667 3763 763 3850; x_wconf 87' lang='lat' dir='ltr'><strong>longe</strong></span> <span class='ocrx_word' id='word_1_197' title='bbox 787 3774 871 3829; x_wconf 86' lang='lat' dir='ltr'><strong>staro</strong></span> <span class='ocrx_word' id='word_1_198' title='bbox 894 3766 999 3851; x_wconf 84' lang='lat' dir='ltr'><strong>coegit</strong></span> 
     </span>
     <span class='ocr_line' id='line_1_32' title="bbox 286 3871 1245 3958; baseline 0 -22"><span class='ocrx_word' id='word_1_199' title='bbox 286 3871 432 3936; x_wconf 79' lang='lat' dir='ltr'><strong>Saxones</strong></span> <span class='ocrx_word' id='word_1_200' title='bbox 456 3881 487 3935; x_wconf 90' lang='lat' dir='ltr'><strong>et</strong></span> <span class='ocrx_word' id='word_1_201' title='bbox 511 3871 665 3958; x_wconf 90' lang='lat' dir='ltr'><strong>quicquid</strong></span> <span class='ocrx_word' id='word_1_202' title='bbox 689 3872 820 3936; x_wconf 87' lang='lat' dir='ltr'><strong>sceleris</strong></span> <span class='ocrx_word' id='word_1_203' title='bbox 843 3872 984 3958; x_wconf 85' lang='lat' dir='ltr'><strong>fideique</strong></span> <span class='ocrx_word' id='word_1_204' title='bbox 1008 3871 1163 3958; x_wconf 86' lang='lat' dir='ltr'><strong>profanae</strong></span> <span class='ocrx_word' id='word_1_205' title='bbox 1187 3882 1245 3958; x_wconf 89' lang='lat' dir='ltr'><strong>est,</strong></span> 
     </span>
     <span class='ocr_line' id='line_1_33' title="bbox 184 3977 1165 4066; baseline 0.003 -25"><span class='ocrx_word' id='word_1_206' title='bbox 184 3999 251 4042; x_wconf 80' lang='lat' dir='ltr'><strong>ros.</strong></span> <span class='ocrx_word' id='word_1_207' title='bbox 286 3977 431 4042; x_wconf 86' lang='lat' dir='ltr'><strong>Laedere</strong></span> <span class='ocrx_word' id='word_1_208' title='bbox 454 4000 495 4042; x_wconf 90' lang='lat' dir='ltr'><strong>ne</strong></span> <span class='ocrx_word' id='word_1_209' title='bbox 519 3980 685 4043; x_wconf 90' lang='lat' dir='ltr'><strong>incautum</strong></span> <span class='ocrx_word' id='word_1_210' title='bbox 708 3989 839 4066; x_wconf 84' lang='lat' dir='ltr'><strong>possent</strong></span> <span class='ocrx_word' id='word_1_211' title='bbox 863 3980 1013 4065; x_wconf 89' lang='lat' dir='ltr'><strong>contagia</strong></span> <span class='ocrx_word' id='word_1_212' title='bbox 1035 3977 1165 4066; x_wconf 84' lang='lat' dir='ltr'><strong>vulgus.</strong></span> 
     </span>
     <span class='ocr_line' id='line_1_34' title="bbox 285 4083 1188 4173; baseline 0.002 -25"><span class='ocrx_word' id='word_1_213' title='bbox 285 4083 378 4149; x_wconf 90' lang='lat' dir='ltr'><strong>Illius</strong></span> <span class='ocrx_word' id='word_1_214' title='bbox 401 4084 463 4150; x_wconf 91' lang='lat' dir='ltr'><strong>hoc</strong></span> <span class='ocrx_word' id='word_1_215' title='bbox 487 4086 640 4170; x_wconf 85' lang='lat' dir='ltr'><strong>studium,</strong></span> <span class='ocrx_word' id='word_1_216' title='bbox 662 4085 754 4150; x_wconf 92' lang='lat' dir='ltr'><strong>labor</strong></span> <span class='ocrx_word' id='word_1_217' title='bbox 775 4085 838 4171; x_wconf 88' lang='lat' dir='ltr'><strong>hic,</strong></span> <span class='ocrx_word' id='word_1_218' title='bbox 862 4104 943 4173; x_wconf 89' lang='lat' dir='ltr'><strong>opus</strong></span> <span class='ocrx_word' id='word_1_219' title='bbox 966 4085 1054 4149; x_wconf 89' lang='lat' dir='ltr'><strong>illius</strong></span> <span class='ocrx_word' id='word_1_220' title='bbox 1078 4109 1188 4150; x_wconf 89' lang='lat' dir='ltr'><strong>unum.</strong></span> 
     </span>
    </p>
   </div>
   <div class='ocr_carea' id='block_1_2' title="bbox 286 4351 1247 4511">
    <p class='ocr_par' dir='ltr' id='par_1_10' title="bbox 286 4351 1247 4511">
     <span class='ocr_line' id='line_1_35' title="bbox 288 4351 1247 4419; baseline 0.002 -16"><span class='ocrx_word' id='word_1_221' title='bbox 288 4353 294 4381; x_wconf 91' lang='lat'>¹</span> <span class='ocrx_word' id='word_1_222' title='bbox 314 4359 388 4416; x_wconf 76' lang='lat' dir='ltr'><strong>Quae</strong></span> <span class='ocrx_word' id='word_1_223' title='bbox 407 4354 475 4405; x_wconf 87' lang='lat' dir='ltr'><strong>obiit</strong></span> <span class='ocrx_word' id='word_1_224' title='bbox 493 4353 593 4417; x_wconf 81' lang='lat' dir='ltr'><strong>eodem,</strong></span> <span class='ocrx_word' id='word_1_225' title='bbox 613 4371 663 4419; x_wconf 91' lang='lat' dir='ltr'><strong>quo</strong></span> <span class='ocrx_word' id='word_1_226' title='bbox 683 4355 827 4405; x_wconf 85' lang='lat' dir='ltr'><strong>Gamratus</strong></span> <span class='ocrx_word' id='word_1_227' title='bbox 846 4369 916 4405; x_wconf 91' lang='lat' dir='ltr'><strong>anno</strong></span> <span class='ocrx_word' id='word_1_228' title='bbox 936 4353 978 4405; x_wconf 85' lang='lat' dir='ltr'><strong>dio</strong></span> <span class='ocrx_word' id='word_1_229' title='bbox 997 4351 1030 4405; x_wconf 87' lang='grc'><strong>17</strong></span> <span class='ocrx_word' id='word_1_230' title='bbox 1050 4353 1148 4405; x_wconf 81' lang='lat' dir='ltr'><strong>mensis</strong></span> <span class='ocrx_word' id='word_1_231' title='bbox 1168 4354 1247 4405; x_wconf 90' lang='lat' dir='ltr'><strong>Iunii.</strong></span> 
     </span>
     <span class='ocr_line' id='line_1_36' title="bbox 286 4440 1077 4511; baseline -0.001 -17"><span class='ocrx_word' id='word_1_232' title='bbox 286 4440 390 4495; x_wconf 72' lang='lat' dir='ltr'><strong>²Conf.</strong></span> <span class='ocrx_word' id='word_1_233' title='bbox 411 4441 548 4508; x_wconf 76' lang='lat' dir='ltr'><strong>Gorniclri‚</strong></span> <span class='ocrx_word' id='word_1_234' title='bbox 568 4444 661 4510; x_wconf 77' lang='lat' dir='ltr'><strong>Daieje</strong></span> <span class='ocrx_word' id='word_1_235' title='bbox 679 4444 755 4509; x_wconf 70' lang='lat' dir='ltr'><strong>(wyd.</strong></span> <span class='ocrx_word' id='word_1_236' title='bbox 777 4444 920 4508; x_wconf 81' lang='lat' dir='ltr'><strong>Sanockie)</strong></span> <span class='ocrx_word' id='word_1_237' title='bbox 941 4462 983 4511; x_wconf 83' lang='lat' dir='ltr'><strong>pg.</strong></span> <span class='ocrx_word' id='word_1_238' title='bbox 1003 4442 1020 4494; x_wconf 82' lang='grc' dir='ltr'><strong>ῠ</strong></span> <span class='ocrx_word' id='word_1_239' title='bbox 1039 4460 1077 4511; x_wconf 87' lang='lat' dir='ltr'><strong>sq.</strong></span> 
     </span>
    </p>
   </div>
   <div class='ocr_carea' id='block_1_3' title="bbox 0 0 1519 5310">
    <p class='ocr_par' dir='ltr' id='par_1_11' title="bbox 0 0 1519 5310">
     <span class='ocr_line' id='line_1_37' title="bbox 0 0 1519 5310; baseline 0 0"><span class='ocrx_word' id='word_1_240' title='bbox 0 0 1519 5310; x_wconf 95' lang='lat' dir='ltr'><strong> </strong></span> 
     </span>
    </p>
   </div>
  </div>
 </body>
</html>
