3016 5310
860 1484 910 1549 15.

551 1682 639 1757 DE
675 1681 968 1759 ORIGINE
1002 1676 1222 1758 IURIS¹.

741 2031 971 2101 (Fragmentum
991 2030 1028 2099 1).

419 2209 476 2272 Ius
497 2207 708 2295 hominesque
732 2229 814 2271 oano
837 2217 930 2271 vasto
950 2228 1014 2292 quo
1038 2228 1151 2271 oaesar
1172 2207 1207 2271 in
1231 2207 1310 2273 orbe

418 2314 545 2400 Regnat
568 2313 610 2377 ad
633 2323 859 2400 extremasque
879 2322 992 2400 potens
1015 2314 1099 2401 regit
1122 2315 1231 2378 omnia
1255 2324 1368 2380 terras.

419 2422 469 2485 Tu
492 2420 581 2506 mihi,
605 2431 640 2485 tu
663 2443 782 2504 rerum,
806 2431 837 2485 et
860 2419 975 2484 mundi
999 2420 1162 2485 nascentis
1185 2421 1287 2508 orig0‚

419 2529 644 2613 Divorumque
666 2525 898 2612 hominumque
920 2527 1026 2612 Pater,
1049 2548 1108 2591 rex
1124 2527 1270 2591 omnium
1286 2537 1319 2593 et
1335 2538 1457 2611 auctor,

360 2658 386 2700 o.
417 2635 648 2720 Tergeminum
671 2634 811 2719 Numen,
834 2644 964 2699 nostrae
985 2656 1062 2720 pars
1085 2634 1230 2698 maxima
1252 2635 1349 2713 vitae,

420 2740 582 2807 Carminis
605 2750 720 2804 auctor
742 2740 819 2822 oris3
843 2739 923 2804 mihi
946 2751 991 2826 tu,
1014 2763 1080 2805 non
1104 2740 1239 2804 numina
1261 2763 1350 2805 vana

420 2846 649 2935 Thespiadum,
672 2845 810 2933 longave
833 2868 926 2912 ooma
950 2857 1114 2933 speetatus
1138 2846 1264 2934 Apollo.

507 2955 673 3040 Prinoipio
696 2977 799 3040 genus
822 2953 1003 3018 humanum
1026 2953 1242 3039 volucresque
1265 2954 1418 3042 feraeque

419 3061 594 3148 Inoolaque
617 3061 771 3126 undantis
794 3060 902 3148 pelagi
925 3083 1096 3127 commune
1119 3060 1265 3125 tulerunt

339 3191 385 3235 10.
417 3169 474 3234 Ius
496 3178 528 3234 et
550 3168 601 3233 fas
623 3167 728 3254 legem
752 3179 784 3233 ot
807 3168 904 3233 sertis
927 3169 962 3231 in
985 3166 1082 3233 rebus
1106 3167 1254 3233 eandem.

419 3276 461 3340 Et
485 3298 544 3339 sua
566 3286 741 3361 praeterea,
765 3273 864 3338 nullis
887 3275 1082 3358 eommunia,
1105 3284 1228 3360 gentes,

419 3382 501 3448 (lum
525 3383 636 3466 vitam,
660 3403 814 3469 accepere
838 3381 935 3446 simul
959 3382 1165 3446 sanctissima
1189 3381 1273 3446 iura

509 3488 633 3552 Divum
658 3489 736 3553 hino
759 3488 884 3575 religio,
908 3489 1010 3575 pietas
1026 3489 1150 3575 patriae
1168 3498 1265 3575 atque
1283 3498 1455 3575 parentum

420 3596 508 3660 Hine
531 3595 698 3658 hominum
721 3608 878 3680 cognatus
903 3618 993 3659 amor
1023 3596 1139 3682 fasque
1169 3617 1265 3660 omne
1291 3595 1463 3682 piumque.

340 3725 385 3766 15.
414 3701 513 3766 Illinc
536 3701 578 3766 ad
602 3702 747 3768 subolem
771 3726 841 3767 mas
864 3714 896 3767 et
919 3727 978 3767 sua
1001 3703 1123 3767 femina
1146 3702 1249 3766 iuneti

420 3810 609 3873 Humanum
633 3810 816 3874 instaurant
838 3833 941 3895 genus
965 3820 1061 3895 atquo
1085 3809 1261 3896 propagine
1287 3818 1427 3873 servant.

418 3916 611 3982 Conviotmn
635 3916 814 3980 humanum
837 3926 984 4003 poterant
1009 3917 1174 4002 vitamque
1196 3914 1326 3979 beatam

419 4022 563 4108 Legibus
586 4024 636 4087 liis
659 4024 807 4089 hominos
831 4046 961 4088 servare
984 4034 1014 4088 et
1039 4022 1169 4088 saeoula
1192 4022 1287 4087 laeta.

423 4262 430 4290 ¹
450 4265 547 4313 ‘lotum
566 4281 659 4329 poema
679 4274 785 4316 constat
809 4274 936 4331 quattuor
961 4264 1128 4331 fragmentis,
1152 4279 1263 4329 quorum
1290 4263 1344 4313 tria
1368 4261 1458 4329 priora>

313 4359 485 4402 asservantur
511 4354 538 4402 in
558 4362 669 4419 utroquo
688 4354 756 4406 libro
775 4362 851 4405 msto.
877 4363 904 4405 st
923 4353 1077 4404 Cornicensi
1096 4350 1158 4419 (386
1176 4350 1244 4417 sqq.)
1269 4358 1296 4403 et
1318 4350 1455 4402 Ossolinso·

312 4438 376 4505 (341
396 4441 471 4506 sqq.);
497 4449 621 4507 quartum
641 4444 667 4492 in
688 4444 743 4493 solo
763 4444 831 4494 libro
850 4443 1013 4494 Cornieeusi.
1046 4442 1134 4505 Plura,
1154 4457 1233 4510 quam
1254 4456 1324 4506 quas
1343 4443 1452 4498 exstant,

313 4537 392 4594 posta
411 4530 438 4579 iu
459 4530 509 4582 hae
528 4532 643 4582 materia
661 4532 798 4598 scripsisse
818 4548 869 4582 non
892 4533 1003 4582 videtur.
