3016 5310
542 469 576 503 DE
595 468 760 503 narssruonlo
780 466 867 502 REGIO.

705 536 962 545 ———‚

678 1495 729 1558 17.

684 1706 726 1756 Ad

191 1850 424 1919 PROOERES
448 1847 651 1915 POLONOS
674 1848 737 1912 DE
761 1845 1050 1911 MATRIMONIO
1073 1843 1213 1911 REGIO

591 2013 796 2074 CARMEN.
809 2011 819 2047 ¹

239 2221 329 2308 Ergo
352 2218 434 2284 duas
457 2241 517 2283 rex
541 2219 711 2304 Augustus
735 2217 804 2281 sine
829 2217 967 2301 coniuge
990 2214 1148 2280 brumas²

239 2327 428 2410 Transierit
450 2347 614 2412 regnoque
637 2323 721 2388 alius
745 2346 810 2388 non
834 2323 1000 2409 quaeritur
1022 2321 1115 2387 heres

241 2433 436 2520 Coniugiis?
460 2431 616 2497 orbamne
639 2432 733 2495 annis
757 2441 804 2495 tot
827 2429 979 2494 euntibus
1003 2429 1112 2494 aulam

240 2541 451 2629 Aspicimus³
474 2539 649 2626 proceres?
672 2559 733 2602 nec
757 2538 954 2602 successoris
978 2559 1120 2601 amorem

179 2671 208 2714 e.
238 2647 366 2712 Inicitis
390 2646 540 2732 regisque
564 2645 688 2708 animos
713 2644 891 2709 accenditis
914 2645 992 2730 igni,

240 2752 293 2819 Ad
317 2763 447 2817 sanctas
470 2752 539 2838 igni
564 2751 675 2816 taedas
699 2750 921 2836 thalamosque
944 2750 1094 2837 iugales?

240 2859 373 2927 Scilicet
397 2859 438 2923 ad
462 2859 585 2923 letum⁴
609 2858 719 2923 brevis
742 2869 791 2921 est
814 2859 882 2938 m'a3
906 2868 1052 2944 tempora
1075 2857 1195 2923 fallunt

239 2966 404 3052 Mortales,
425 2966 549 3030 homini
572 2975 760 3052 exspectata
782 2986 843 3029 nec
867 2963 1001 3030 advenit
1024 2976 1121 3029 aetas,

326 3073 410 3153 Quis
433 3096 498 3136 non
522 3073 681 3160 promittit
704 3083 835 3137 centum
867 3071 930 3136 sibi
961 3071 1117 3158 prodigus
1149 3072 1277 3138 annos?

161 3203 205 3247 ιο.
239 3182 285 3246 At
308 3202 407 3246 canos
431 3180 528 3267 pauci
551 3189 679 3265 optatae
703 3179 814 3243 videre
839 3189 994 3263 senectae,

240 3289 298 3354 Ins
320 3287 418 3352 habet
441 3288 475 3350 in
498 3297 634 3373 tempus,
657 3309 722 3350 non
746 3296 834 3351 certo
858 3286 1049 3371 astringitur
1074 3309 1154 3351 aevo

240 3397 378 3460 Armate
401 3416 487 3457 mors
511 3417 608 3458 saeva
632 3417 740 3478 mann,
764 3416 825 3458 nec
848 3391 975 3477 legibus
999 3391 1076 3456 ullis

240 3502 401 3589 Tempora
423 3500 591 3587 dispensat
614 3501 711 3566 vitae.
734 3501 830 3586 Regit
854 3522 919 3563 una
942 3497 1045 3564 libido

237 3609 407 3691 Dextram,
431 3630 513 3694 quae
537 3630 662 3695 semper
686 3607 877 3673 mortalibus
901 3605 1049 3670 imminet
1072 3606 1187 3692 aegris.

161 3737 205 3781 rs.
238 3715 313 3780 Non
336 3713 496 3800 longaeva
518 3713 664 3778 homines
688 3724 720 3779 et
744 3714 869 3778 viribus
893 3736 992 3800 aegra
1016 3723 1165 3777 senectus

238 3822 441 3907 Exstinguit:
466 3821 585 3885 florens
608 3833 640 3885 et
662 3819 760 3884 habet
783 3844 843 3885 sua
867 3821 936 3885 fata
958 3821 1102 3885 iuventa.

237 3930 343 3994 Mater
367 3951 448 3992 anus
472 3928 591 3991 teneris
616 3926 734 3992 clausit
758 3927 837 3992 flens
861 3928 987 3992 lumina
1010 3928 1095 3991 natis
1140 3929 1144 3937 '

239 4176 420 4242 ¹Repetitum
447 4176 480 4224 ad
500 4175 642 4224 editionem
661 4176 859 4226 cracoviensem
886 4192 909 4225 a.
931 4175 1009 4238 1553,
1035 4177 1110 4227 cuiue
1129 4173 1278 4241 exemplari

161 4266 311 4317 bliothocae
330 4265 477 4315 ossolioeae
497 4281 574 4314 nsum
593 4281 659 4314 sum.

238 4354 249 4386 ¹
269 4354 337 4403 Nam
356 4354 478 4404 Barbara
496 4354 528 4402 de
548 4362 626 4419 gente
649 4352 788 4402 Radziwirr
807 4354 922 4403 decessit
944 4370 1034 4404 menae
1061 4355 1130 4405 Maio
1150 4369 1174 4404 a.
1197 4351 1279 4407 1551·

238 4440 250 4471 ⁸
268 4442 408 4508 superbius
428 4443 608 4491 videturesse
628 4443 728 4492 dictum
747 4457 794 4506 pro
816 4442 979 4507 „as1›icitis“.

237 4531 249 4561 ⁴
268 4532 344 4582 edit:
367 4532 509 4594 „loetum
