3016 5310
378 485 581 535 scientissimi
600 498 750 535 morannum
770 500 789 533 u
809 498 842 533 ar
862 485 993 534 seruasse.

163 567 320 588 '-'-·-.-.—.
389 570 513 588 -.;-““
523 569 532 575 “
552 582 605 588 -....
620 569 673 588 :-
695 569 798 588 :¹2
808 569 997 588 :.-...‘—T.-‘-
1026 570 1056 575 ''¹
1067 570 1175 587 “..“.
1184 582 1211 588 -.
1232 582 1258 588 ..-

163 714 189 757 s.
218 692 357 776 Deinde,
382 692 438 756 ubi
463 704 626 757 sacratum
651 693 782 758 caelesti
804 693 845 757 ab
870 692 946 758 sede
969 693 1148 758 Tonantem

221 798 393 865 Sacratum
416 800 450 862 in
474 810 629 885 crustum,
653 823 735 886 quae
759 799 846 864 dicta
869 810 917 865 est
940 800 1045 863 hostia
1069 799 1171 882 nobis,

221 905 372 970 Deduxit
395 905 534 992 praesul,
557 946 601 953 —
624 929 732 971 rerum
756 907 914 971 miracula
938 928 1036 992 supra

221 1013 286 1077 Res
310 1013 387 1077 olim
410 1034 574 1097 concessa,
598 1037 672 1076 suos
696 1036 771 1077 cum
795 1012 926 1078 dederet
950 1023 1039 1077 artus

222 1121 367 1185 Bissenis
390 1122 486 1185 sociis
511 1119 637 1185 caelum
661 1120 824 1184 rediturus
848 1122 949 1205 Iesus,

163 1249 188 1291 r.
218 1229 247 1291 A
272 1227 414 1292 tenebris
440 1227 582 1292 referens
606 1238 713 1313 patres
737 1227 940 1292 stellantibus
964 1229 1061 1314 auris,
1085 1268 1128 1276 —

221 1333 352 1398 Elisabe
376 1356 486 1398 sacras
510 1334 732 1420 supplexque1
757 1337 893 1400 accessit
917 1335 958 1399 ad
982 1358 1055 1399 aras

220 1442 327 1526 Atque
351 1441 423 1505 Deo
445 1440 619 1527 gravidum
642 1451 788 1505 crustum
811 1440 986 1528 divinaque
1009 1441 1076 1505 liba

220 1547 285 1612 Ore
307 1546 425 1633 hausit,
447 1547 603 1633 divosque
627 1549 743 1611 animis
772 1550 928 1634 concepit,
952 1560 982 1612 et
1006 1560 1093 1612 astra

220 1653 322 1718 Plena
345 1655 416 1717 Deo
439 1655 510 1718 visa
534 1664 582 1718 est
605 1653 752 1718 tellurem
776 1677 945 1741 assurgere
969 1678 1079 1742 supra:

163 1783 186 1824 3.
216 1759 388 1826 Sarmatici
412 1770 575 1847 sceptrum
599 1762 690 1846 regni
715 1761 832 1826 dehinc
857 1764 1019 1826 maximus
1041 1762 1135 1828 heros

219 1866 394 1932 Gamratus
418 1867 551 1932 dextrae
575 1869 718 1951 insertat,
743 1868 845 1932 solido
869 1868 995 1933 addidit
1019 1892 1098 1934 auro

219 1975 347 2038 Laesae
370 1973 480 2038 orbem
504 1986 535 2039 et
560 1976 658 2061 capiti
682 1976 843 2061 insignem
868 1976 924 2040 dat
948 1977 1031 2040 ferre
1055 1999 1217 2061 coronam,

219 2079 398 2146 Ardentem
420 2082 557 2167 gemmis
582 2083 747 2167 signisque
770 2104 912 2169 auroque
935 2084 1101 2169 rigentem.

312 2187 367 2254 Sic
391 2189 545 2274 insignita
568 2189 689 2254 excelsi
713 2189 796 2253 redit
819 2188 884 2253 alta
908 2189 1024 2254 theatri

163 2315 189 2356 o.
219 2295 271 2358 Ad
296 2294 385 2380 solia,
408 2297 601 2382 egregioque
624 2295 766 2360 resedit2
788 2297 899 2361 iuncta
923 2298 1045 2360 marito.

218 2402 304 2466 llinc
328 2411 424 2488 atque
446 2401 522 2466 inde
546 2402 657 2466 oculos
681 2404 839 2467 convertit
863 2403 1009 2466 inillam

216 2509 360 2573 Intentos
383 2509 521 2596 populus
532 2514 552 2594 ³,
576 2509 671 2574 celsis
695 2512 749 2596 qui
774 2511 855 2575 forte
880 2510 1039 2575 columnis

217 2616 375 2680 Haeserat
399 2627 494 2702 atque
519 2616 608 2681 chori
631 2617 779 2681 trabibus
802 2617 963 2704 pendebat
987 2618 1027 2682 ab
1053 2616 1135 2702 altis,

217 2722 291 2787 Sive
316 2722 469 2788 Stanislai
493 2723 659 2809 spectabat
683 2723 723 2787 ab
749 2748 850 2810 usquc
873 2724 1021 2812 sepulcro

164 2843 187 2889 ⁵.
214 2828 348 2913 Sacrati,
371 2830 422 2895 vel
447 2831 473 2893 si
497 2853 561 2916 qua
584 2831 687 2895 oculis
711 2836 766 2895 se⁴
790 2833 902 2918 pervia
924 2832 1056 2918 praebet

215 2935 318 3020 Rima,
343 2937 445 3000 aciem
469 2947 564 3022 queat
588 2948 623 3001 ut
646 2947 773 3001 tantum
796 2939 989 3003 contendere
1013 2949 1137 3019 contra3

215 3043 329 3109 Cetera
352 3066 427 3106 nam
450 3066 598 3129 proceres
622 3045 821 3130 complerant
844 3048 952 3109 omniu
975 3045 1047 3110 late,

213 3149 343 3215 Gaudet
366 3152 512 3237 reginam
536 3151 673 3239 populus
697 3163 842 3239 spectare
867 3153 1014 3240 superbis

215 3257 253 3320 In
276 3259 422 3344 sceptris,
445 3269 624 3344 gestantem
648 3259 758 3323 orbem
783 3283 973 3346 sacramque
997 3282 1159 3344 coronam,

163 3377 184 3422 θ.
211 3365 364 3429 Attonitis
387 3365 516 3428 inhians
540 3366 665 3430 animis.
697 3366 765 3431 Ceu
790 3389 921 3431 cernere
943 3366 1053 3430 vultus

212 3471 349 3557 Regales
373 3472 448 3536 olim
473 3473 570 3537 fuerit
594 3473 669 3536 data
693 3475 785 3559 copia
809 3497 984 3560 nunquam,

211 3576 335 3642 Obtutu
358 3579 444 3642 fixus
468 3589 530 3643 stat
553 3579 687 3666 longum
711 3581 862 3644 immotus
886 3582 920 3645 in
945 3604 1023 3662 uno,

210 3683 351 3749 Tantum
374 3686 408 3749 in
431 3687 562 3771 reginae
586 3698 717 3772 aspectu
743 3698 838 3772 atque
862 3687 1045 3772 insignibus
1068 3687 1188 3752 haeret.

298 3792 425 3856 Interea
449 3815 579 3857 ararum
602 3793 767 3879 prueralsa
791 3795 831 3858 ab
857 3795 932 3859 sede
956 3795 1106 3859 sacerdos

163 3907 182 3953 ⁵·
206 3897 397 3983 Conversus,
419 3899 516 3985 longa
540 3901 690 3965 decantat
713 3924 793 3964 voce
817 3924 1003 3988 supremum

209 4003 469 4092 Dimittensque⁵
492 4009 556 4071 aris
581 4030 681 4091 reges,
706 4030 853 4094 proceres
878 4008 1096 4095 populumque

210 4198 216 4226 ¹
235 4203 287 4252 Sic.
306 4218 355 4251 ms.
376 4202 536 4268 Simplicius:
563 4203 740 4268 ,Elisabeque
760 4221 851 4254 sacras
871 4205 981 4270 supplex
1002 4208 1076 4256 ηοω*

212 4285 221 4314 ¹
238 4288 286 4343 Mu.
309 4291 456 4353 „resedeat

211 4373 285 4429 'lle
307 4381 455 4445 ‚,populis“.

211 4463 220 4493 ⁴
238 4470 287 4521 nn.
307 4469 375 4533 ,‚ri·‘.

212 4552 285 4609 lMs.
306 4559 552 4625 „Demittensque“.

210 4649 317 4695 um„
336 4649 394 4697 ¹121,
