3016 5310
680 471 836 506 enarrarre.
1240 455 1328 505 LXIII

182 667 242 731 mis
266 665 487 730 admittebant
510 664 575 729 iam
598 651 739 750 antiqui,
770 686 946 749 eorumque
968 662 1133 729 licentiam
1158 665 1191 727 in
1216 664 1331 728 ultima

182 773 315 862 syllaba
338 773 518 838 formarum
542 771 779 837 adiectivorum
803 770 986 836 verbalium
1003 772 1038 835 in
1054 769 1162 835 —ndo
1179 771 1331 836 desinen-

182 882 263 946 tium
289 879 368 945 inde
391 902 411 944 a
431 881 556 947 Seneca
570 878 759 967 philosopho
776 891 965 965 usurpatam
981 877 1120 943 libenter
1135 890 1184 943 est
1199 889 1330 943 secutus

182 987 281 1068 (conf.
306 988 350 1072 ΙΙ,
373 1012 427 1075 pg.
451 988 524 1071 312,
547 989 648 1073 epigr.
672 986 776 1051 XVII
799 998 831 1051 et
851 986 993 1068 XVIII).
1017 987 1090 1050 Non
1107 985 1205 1050 facile
1220 997 1328 1050 tamen

182 1096 335 1160 excusari
367 1105 487 1182 potest,
517 1095 604 1180 quod
636 1095 775 1158 formam
810 1094 995 1178 ,moechia“
1029 1097 1170 1181 (μοιχεία)
1201 1106 1330 1179 praeter

183 1201 339 1266 traditam
363 1224 511 1266 normam
533 1224 593 1288 pro
616 1200 749 1290 dactylo
772 1201 904 1266 admisit
926 1201 983 1284 (ΙΙ,
1007 1203 1081 1284 374,
1105 1200 1245 1283 LXIX),
1272 1199 1330 1265 ub-

183 1331 260 1374 usus
286 1308 345 1373 illo
368 1319 553 1396 praecepto,
584 1332 648 1395 quo
680 1307 826 1373 vocalem
861 1320 936 1372 aute
967 1307 1113 1374 vocalem
1145 1308 1262 1394 corripi
1294 1308 1328 1370 in

183 1415 297 1502 lingua
321 1415 424 1480 latina
448 1438 467 1479 a
490 1416 713 1501 grammaticis
735 1415 891 1480 traditum
916 1427 973 1480 est
997 1415 1061 1481 Sed
1086 1414 1175 1479 nulla
1195 1417 1260 1479 iam
1277 1437 1329 1478 ra-

182 1523 270 1588 tione
286 1545 473 1610 expurgare
488 1546 562 1588 eum
579 1546 720 1609 possum,
739 1522 825 1609 quod
842 1522 947 1587 forma
966 1524 1150 1609 ,exoticas“
1169 1522 1330 1586 choriam-

184 1629 260 1693 bum
286 1629 345 1712 (ΙΙ,
368 1630 443 1714 387,
467 1630 531 1714 28),
556 1629 662 1694 forma
687 1631 828 1715 ,spInIs“
856 1629 1000 1694 iambum
1017 1631 1073 1709 (ΙΙ,
1090 1631 1223 1715 354sq,
1240 1631 1269 1711 6,
1287 1632 1328 1714 t),

184 1736 289 1801 forma
312 1737 455 1823 denique
481 1739 614 1822 „puths“
640 1737 828 1802 trochaeum
852 1738 902 1803 bis
926 1736 983 1820 (ΙΙ,
1006 1738 1081 1820 293,
1102 1738 1157 1807 36,
1184 1737 1328 1815 17314)

183 1842 339 1930 explevit.
363 1841 597 1908 Adnotandum
620 1855 730 1908 tamen
745 1855 794 1909 est
814 1843 871 1907 illa
887 1845 1083 1928 gravissima
1100 1844 1180 1907 vitia
1194 1842 1330 1907 haerere

184 1950 214 2013 in
240 1951 445 2016 carminibus
468 1973 488 2015 a
511 1951 635 2039 Royzio
657 1953 728 2038 ipso
752 1952 786 2014 in
810 1951 917 2016 lucem
940 1974 1004 2015 nun
1029 1950 1134 2016 editis.

290 2058 499 2144 Quamquam
523 2058 662 2123 Romani
684 2060 817 2123 nomina
839 2080 958 2144 graeca
982 2057 1110 2146 syllaba
1140 2082 1185 2132 ευς
1216 2057 1328 2122 clausa

184 2167 303 2251 partim
328 2163 370 2229 ad
393 2186 548 2251 graecam
571 2187 728 2250 normam,
753 2166 871 2251 partim
895 2165 936 2229 ad
961 2187 1062 2247 suam,
1093 2186 1176 2250 quae
1200 2163 1329 2248 dicitur,

184 2271 363 2336 secundam
389 2271 641 2337 declinationem
657 2272 883 2356 immutabant,
906 2284 1014 2336 tamen
1031 2293 1110 2336 casu
1127 2271 1329 2335 nominativo

184 2388 280 2465 atque
307 2379 461 2443 vocativo
492 2378 623 2443 vocales
655 2382 735 2463 ,eui
771 2402 835 2443 una
865 2379 994 2467 syllaba
1026 2392 1060 2442 ut
1090 2377 1329 2465 diphthongum

185 2485 375 2569 efferebant,
406 2486 636 2572 rarissimeque
666 2487 707 2551 ab
739 2485 800 2550 bac
831 2488 955 2551 ratione
978 2485 1189 2551 discedebant
1217 2485 1329 2571 (Verg.

185 2590 308 2658 Culicis
332 2616 386 2658 vv.
411 2595 475 2658 116
499 2605 531 2658 et
554 2593 641 2675 268).
665 2597 709 2657 At
731 2593 875 2682 Royzius
899 2594 1026 2659 (luobus
1043 2594 1122 2657 loeis
1138 2593 1172 2657 id
1189 2594 1329 2677 admisit,

185 2699 324 2765 formam
349 2699 541 2767 Porthmeus
574 2723 630 2787 pro
662 2700 794 2790 dactylo
828 2724 989 2787 usurpans
1021 2703 1058 2784 (I,
1083 2702 1156 2771 311,
1181 2703 1259 2776 200,
1284 2701 1328 2785 ΙΙ,

185 2809 258 2890 422,
290 2807 404 2891 XVII,
436 2809 477 2888 2).
517 2808 629 2895 Neque
664 2810 772 2872 minus
804 2808 980 2873 insolenter
1010 2807 1179 2894 aliquoties
1211 2830 1328 2871 nomen

185 2915 328 3001 Augusti
351 2915 386 2977 in
409 2914 554 2979 secunda
578 2917 770 3001 pentametri
794 2915 928 2999 elegiaci
954 2927 1045 3001 parte
1074 2937 1132 3001 per
1155 2914 1328 2979 diaeresim

183 3021 228 3086 ita
251 3021 416 3104 distraxit,
448 3033 483 3086 ut
514 3023 635 3109 primas
665 3021 762 3087 huius
793 3024 934 3086 nominis
959 3020 1088 3086 vocales
1120 3045 1176 3108 pro
1201 3020 1328 3085 duabus

184 3128 342 3194 brevibus
366 3139 568 3215 computaret
592 3129 648 3213 (ΙΙ,
673 3131 723 3213 12,
748 3130 805 3213 IV,
830 3133 862 3211 2,
887 3132 939 3213 26,
963 3129 1006 3204 X
1030 3131 1067 3210 4,
1093 3131 1144 3211 21,
1167 3128 1270 3211 XIII,
1293 3131 1328 3212 2,

184 3237 235 3320 29,
260 3235 393 3319 XXIV,
417 3237 459 3316 2).
488 3235 553 3302 Sed
577 3237 610 3299 in
635 3238 827 3322 pentametri
851 3237 987 3322 elegiaci
1012 3248 1176 3301 structura
1200 3235 1330 3301 creber-

183 3344 266 3408 rime
285 3365 307 3408 a
326 3344 554 3426 severioribus,
577 3345 768 3430 praesertim
785 3344 904 3409 Ovidio
921 3345 1064 3431 probatis
1080 3344 1216 3429 legibus,
1240 3343 1329 3432 Roy-

183 3452 253 3515 zius
278 3449 426 3515 descivit.
465 3450 551 3515 Nam
575 3453 703 3538 saepius
734 3463 767 3516 et
790 3463 865 3516 ante
887 3453 1081 3538 pentametri
1104 3473 1274 3515 caesuram
1297 3460 1329 3516 et

182 3558 216 3622 in
239 3558 334 3622 exitu
359 3556 505 3646 syllabas
529 3557 644 3623 breves
667 3568 699 3622 et
723 3559 948 3648 monosyllaba
971 3559 1145 3624 collocavit
1173 3559 1229 3638 (ΙΙ,
1254 3560 1328 3642 393,

182 3666 238 3745 32,
264 3665 340 3748 313,
364 3664 467 3745 ΧΙΧ,
500 3666 572 3748 193,
597 3664 625 3746 Ι,
650 3666 724 3748 429,
749 3666 842 3748 XIV,
866 3669 900 3743 4,
925 3668 998 3749 341,
1024 3668 1053 3749 6,
1076 3669 1110 3745 4,
1143 3667 1217 3750 364,
1242 3667 1271 3748 ἵ),
1295 3667 1328 3747 6,

183 3773 258 3855 381,
286 3772 336 3855 18,
361 3772 408 3851 ΙΙ,
433 3771 508 3855 382,
532 3774 588 3853 24,
613 3774 687 3853 391,
711 3775 745 3854 4,
770 3774 901 3853 3904,
928 3776 1001 3857 193,
1027 3776 1076 3857 16,
1100 3776 1122 3837 4
1145 3783 1178 3837 et
1201 3773 1229 3843 1:
1255 3774 1329 3858 356,

182 3879 249 3943 Iet
263 3878 315 3959 ΙΙ,
337 3879 413 3961 424,
437 3878 463 3962 Ι,
487 3881 521 3959 4,
546 3880 620 3962 310,
637 3879 698 3961 ΙΙΙ,
723 3882 797 3965 314,
818 3880 947 3963 XXVI,
964 3882 1006 3964 4),
1027 3878 1187 3945 conclusit
1208 3882 1329 3966 passim

182 3985 273 4051 hunc
295 4008 429 4051 versum
454 3987 590 4052 vocibus
613 3986 814 4072 longioribus
844 4010 941 4074 quam
973 3987 1158 4076 bisyllabis,
1189 3987 1330 4075 elidique

184 4093 300 4159 crebro
323 4092 454 4158 vocales
478 4094 510 4156 in
536 4093 639 4158 altera
662 4105 753 4180 purte
777 4106 826 4158 est
849 4117 963 4180 passus
996 4095 1052 4177 (ΙΙ,
1076 4096 1150 4179 304,
1175 4096 1221 4168 ΙΙ,
1254 4097 1329 4180 290,

184 4200 245 4284 1V3
270 4202 347 4284 301,
370 4199 414 4285 ΙΙ,
437 4202 472 4281 4,
496 4202 571 4285 308,
596 4204 625 4285 7,
648 4201 681 4281 8,
705 4204 780 4286 317,
804 4203 829 4285 Ι,
852 4204 886 4283 4,
911 4202 985 4284 325,
1010 4205 1061 4285 17,
1085 4206 1118 4281 2,
1144 4204 1217 4267 333.
1242 4206 1272 4286 b,
1296 4205 1329 4284 2,

186 4308 259 4391 364,
283 4309 315 4391 Ι),
337 4308 364 4392 Ι,
387 4309 421 4391 6,
444 4307 490 4392 ΙΙ,
512 4311 556 4388 4).
583 4308 649 4376 Sed
672 4331 754 4395 quae
777 4309 873 4373 modo
897 4310 930 4372 in
954 4310 1147 4396 pentametri
1171 4309 1329 4396 Royziani

188 4425 350 4481 sanctum
372 4416 481 4479 minus
504 4414 634 4502 placere
658 4417 885 4500 animadverti
908 4418 979 4481 eius
1002 4416 1090 4481 modi
1115 4427 1200 4500 sunt,
1224 4428 1259 4481 ut
1282 4417 1330 4481 eis

189 4542 246 4587 nec
257 4520 389 4607 Catulli,
405 4543 465 4587 nec
480 4523 688 4608 antiquorum
700 4523 812 4590 Ovidii
826 4545 1061 4608 successorum,
1074 4524 1195 4588 nedum
1207 4546 1330 4607 eorum,
