3016 5310
635 456 712 490 rurus
731 456 819 489 Roffll

186 439 394 545 Q„
419 523 1264 531 Q—-ffl-I
1283 527 1316 533 i„

610 537 653 544 ——
659 537 812 544 ——-—-
819 535 1318 545 ———————-—.———...

293 648 385 728 Quae
408 650 495 713 Petri
520 649 673 738 cymbam
697 649 865 734 exagitant
887 660 953 713 toto
977 671 1115 734 aequore
1139 649 1266 731 frustra,

188 777 256 818 sco.
292 755 365 818 Non
388 754 580 819 formidatae
604 757 711 819 nautis
736 777 796 820 nec
821 778 901 819 saxa
923 755 1057 840 Maleae,

291 861 361 926 Nec
385 862 510 950 Libyae
535 861 648 950 Syrtes
672 873 868 928 metuentem
891 871 947 927 aut
971 860 1145 951 Cycladas,
1169 884 1285 949 aequor

291 969 354 1032 Per
378 981 504 1032 vastum
529 991 665 1055 sparsas,
690 969 826 1034 siculive
849 968 971 1055 pericla
995 968 1160 1055 profundi,

291 1075 437 1139 Immites
461 1074 590 1163 Scyllas
614 1074 868 1162 implacataeque
891 1074 1092 1164 Charybdes

293 1182 405 1246 Prisca
428 1181 534 1266 placet
557 1183 660 1268 pietas
684 1183 880 1268 antiquaque
904 1204 997 1246 sacra
1021 1182 1196 1262 Quiritum.

188 1310 257 1352 ers.
384 1289 455 1352 Hoc
479 1289 596 1352 animis
620 1288 757 1354 aderunt
781 1288 941 1375 complexi
966 1299 997 1353 et
1020 1301 1151 1375 pectore
1173 1300 1240 1354 toto

289 1394 497 1481 Iloviusque¹
521 1395 630 1458 audax
654 1407 685 1460 et
709 1395 824 1460 cedere
848 1396 958 1460 nescia
982 1396 1094 1459 virtus.

292 1502 484 1565 Lawscius'2
508 1502 596 1567 huno
620 1503 713 1566 iuxta
736 1504 891 1588 iuxtaque
916 1502 1112 1585 Sieprciusl,
1136 1502 1232 1567 ambo

293 1606 438 1692 Antiqua
460 1608 619 1694 probitate
643 1609 713 1691 riri,
737 1631 800 1670 non
826 1607 939 1672 fallere
962 1607 1058 1689 docti,

294 1712 356 1779 Sed
380 1715 484 1778 Divos
508 1715 613 1779 colere
635 1725 666 1779 et
691 1715 823 1801 Superis
847 1737 939 1778 saera
963 1715 1047 1779 serre
1071 1717 1205 1780 vocatis.

189 1841 257 1882 aso.
383 1821 641 1885 Praetereundus
665 1822 725 1885 erit
749 1821 828 1884 milri
852 1845 916 1884 nou
942 1822 1159 1905 Dzialiniusr,
1182 1821 1266 1904 olim,

294 1927 377 2010 Heu,
401 1928 505 1991 malus
530 1928 683 1992 adversas
706 1952 802 2013 quern
827 1927 1056 1992 sollicitaverat
1080 1926 1182 1992 hostis

293 2034 331 2096 ln
356 2045 472 2120 partes,
494 2034 555 2097 hoe
579 2057 643 2098 non
668 2034 751 2097 alius
775 2056 834 2098 nec
858 2035 980 2098 firmior
1005 2057 1151 2120 usquam,

292 2140 361 2203 Noc
386 2151 538 2204 constans
562 2142 675 2226 inagis,
699 2152 754 2204 aut
777 2142 901 2204 Divum
926 2142 1126 2205 reverentior
1151 2141 1244 2205 ullus.

381 2248 496 2310 Petrus
520 2247 740 2313 Czarncovius
764 2270 912 2333 proceres
937 2248 1132 2312 fortissimus
1155 2249 1249 2333 inter,

189 2373 256 2415 sss.
293 2353 366 2431 Quo
390 2353 565 2417 castellano
589 2355 750 2417 Posnania
775 2354 922 2440 praeside
946 2354 1075 2439 gaudet,

292 2460 423 2524 Asseret
446 2459 501 2524 hic
524 2473 555 2525 et
578 2483 728 2524 romanos
752 2485 816 2525 non
841 2461 949 2546 segnis
972 2460 1117 2525 honores.

382 2567 485 2653 Inque
510 2590 599 2631 mora
622 2567 772 2631 excultus
797 2567 913 2631 studiis
936 2568 1149 2632 Maceovius⁵
1172 2566 1240 2631 ulla

290 2673 363 2736 Non
388 2675 457 2757 crit,
481 2673 607 2760 eloquio
629 2698 784 2760 inagnum
808 2676 862 2760 qui
887 2675 1025 2738 Nestora
1047 2674 1160 2738 vincat

292 2779 420 2866 Oreque
443 2780 623 2844 facundum
646 2783 746 2867 possit
770 2804 921 2867 superare
945 2781 1113 2865 Periclem,

188 2908 256 2949 aso.
293 2886 438 2951 Insideat
461 2887 560 2951 labris
585 2888 735 2973 quamvis
759 2885 900 2952 Suadela
923 2887 1067 2952 Periclis.

291 2994 412 3058 Missus
436 2993 477 3057 alr
500 2995 650 3079 Augusto
673 2993 727 3058 hic
751 3016 854 3080 nuper
877 2994 1079 3078 molimina,
1103 2993 1214 3079 Paule,

293 3099 393 3165 Serve
415 3102 479 3165 Dei
504 3123 680 3185 servorum,
705 3100 784 3164 adiit
808 3102 975 3187 tenuitque
999 3102 1171 3187 precando,

292 3206 432 3291 Alleges,
455 3209 510 3292 qui
535 3207 696 3292 dispersas
721 3207 848 3294 latoque
873 3219 1029 3294 vagantes

292 3312 506 3399 Palantesquc
530 3312 663 3377 redueat
688 3338 776 3399 ores,
798 3314 884 3378 mala
906 3316 1055 3400 granrina
1078 3325 1198 3401 pastas,

185 3442 254 3483 sos.
289 3421 518 3505 Agnosoatquo
543 3444 643 3484 unum
667 3434 698 3487 et
722 3431 844 3508 repetat
869 3445 950 3508 grex
974 3422 1078 3486 omnis
1102 3422 1197 3487 ovile.

295 3715 303 3742 ¹
323 3716 481 3767 Alexander.
501 3718 637 3780 palatinus
657 3717 788 3781 plereusis
808 3734 849 3766 aa.
872 3717 1054 3768 laec-1560.

295 3801 305 3829 ²
325 3806 400 3852 (lans.
422 3821 445 3853 r.
467 3804 526 3855 779.
549 3807 688 3869 llespicere
715 3807 820 3856 ridetur
846 3807 1009 3856 Stanislaum
1033 3805 1151 3867 hewald,
1176 3807 1322 3871 palatinum

185 3894 379 3942 masoviensern
401 3903 426 3942 et
447 3895 663 3958 vieesrepentem.
684 3895 934 3958 (Niesieolri-Bobr.
956 3896 1036 3944 Herb.
1057 3896 1103 3957 VI,
1122 3894 1194 3959 223).

293 3981 302 4007 ²¹
324 3984 449 4032 Fortasse
469 3984 589 4032 Andreas
608 3984 726 4048 siorpski
745 3985 801 4035 sire
821 3984 948 4048 Sieprski.
967 3984 1102 4048 palatinus
1121 3986 1252 4034 rovensis.

293 4072 302 4098 ⁴
325 4073 435 4121 loannes
457 4073 625 4136 Drialyr'rski.
646 4084 702 4122 turn
722 4074 857 4137 palatinus
878 4073 1046 4124 chelmensis.
1065 4073 1136 4122 inter
1152 4075 1251 4124 fratres
1268 4089 1324 4124 suos

186 4160 360 4212 clarissimus.

294 4247 305 4277 ⁶
325 4250 482 4303 Stanislmrs.
504 4253 643 4303 Sarmrelis.
663 4253 779 4316 episcopi
800 4269 914 4313 cracov,
935 4254 1026 4303 frater.
1050 4252 1215 4302 castellanus
1234 4252 1325 4303 rando-

186 4339 328 4395 miriensis,
348 4340 529 4390 urursclialcus
551 4342 628 4390 aulae
648 4341 746 4405 regiae.
767 4342 920 4405 eloquentia
938 4342 1033 4391 clarus.
1055 4340 1151 4405 Legati
1167 4341 1201 4391 ud
1215 4341 1325 4391 Paulum

186 4430 223 4477 lv
244 4444 352 4478 munere
372 4430 480 4478 functus
500 4439 539 4478 est
560 4446 582 4478 a.
605 4429 681 4480 leitil.
708 4431 783 4480 Cous,
804 4431 843 4479 ks.
866 4430 1017 4493 ltukowski,
1056 4429 1149 4494 Daieje
1169 4429 1328 4492 reformaeyi

187 4519 211 4566 Il
231 4534 274 4582 pgr.
295 4516 347 4568 316
367 4533 419 4581 sq.;
439 4517 509 4583 3sst;
528 4518 588 4570 387.
