3016 5310
552 461 707 496 summo.
1139 450 1203 500 xlx

163 653 280 738 Neque
308 665 417 718 tamen
448 654 511 720 hac
531 676 567 719 re
583 677 744 718 summam
761 654 872 719 salarii
896 656 1026 721 abunde
1062 658 1205 744 satisque

49 770 189 824 auctam
213 783 285 824 esse
307 760 385 826 inde
408 761 636 826 coniciendum
667 771 728 845 est,
759 762 843 847 quod
876 762 1020 851 Royzius
1053 763 1204 828 mercede

50 869 235 930 constituta
257 890 321 930 non
347 878 514 932 contentas
537 881 630 933 extra
654 891 772 952 muros,
796 879 831 933 ut
858 870 904 933 ita
930 870 1047 955 dicam,
1071 871 1204 935 univer-

52 974 162 1037 sitatis
185 973 309 1038 reditus
326 998 401 1038 suos
417 974 619 1060 amplificare
634 976 823 1040 conabatur.
847 977 947 1041 Brevi
963 978 1102 1041 innotuit
1118 978 1202 1041 inter

51 1080 197 1144 Polonos
220 1081 291 1144 eius
314 1081 395 1145 iuris
418 1082 543 1168 peritia,
566 1104 663 1167 quam
687 1103 762 1146 cum
786 1105 862 1146 mox
889 1084 987 1147 etiam
1010 1082 1202 1148 vernaculo·

55 1211 129 1252 rum
155 1186 310 1253 Poloniae
333 1189 554 1252 institutorum
586 1189 700 1253 notitia
724 1191 885 1273 auxisset,
918 1189 1042 1254 factum
1072 1200 1136 1273 est,
1168 1201 1204 1253 ut

53 1296 160 1358 variis
184 1294 225 1358 de
249 1297 358 1359 causis
381 1318 401 1359 a
424 1293 663 1360 consultoribus
687 1296 801 1359 crebro
817 1296 970 1361 adiretur.
995 1296 1059 1362 Sed
1075 1296 1203 1362 ethaeo

54 1403 229 1488 provincia
252 1423 316 1465 non
340 1404 419 1466 satis
444 1403 611 1467 fructuosa
635 1403 737 1467 fuisse
758 1402 901 1466 videtur:
926 1402 1059 1467 laetiora
1076 1404 1226 1484 uberio-n

56 1531 157 1594 raque
182 1507 318 1573 rediisse
341 1509 403 1572 sibi
428 1531 469 1573 ex
493 1510 703 1593 carminibus,
732 1509 849 1594 quibus
872 1510 1053 1596 pangendis
1077 1521 1203 1597 tempus

54 1618 94 1681 ab
120 1615 242 1681 officiis
268 1615 424 1680 relicuum
449 1615 592 1680 studiose
622 1617 816 1699 insumeret,
848 1618 915 1702 ipse
947 1617 1116 1681 adnotavit
1147 1616 1203 1702 (II,

55 1725 120 1787 220
146 1747 224 1808 sqq,
256 1722 321 1800 III3
346 1723 389 1802 V3
422 1722 519 1803 XIV3
551 1723 682 1805 XLIII3
714 1723 840 1803 XLVI3
870 1723 1042 1802 XLVIII).
1080 1723 1202 1789 Omnes

51 1831 142 1894 euim
168 1841 237 1893 tum
257 1828 365 1893 latinis
381 1830 484 1892 musis
500 1828 699 1914 gaudebant:
723 1831 869 1894 carmina
885 1830 918 1892 in
936 1829 1090 1895 honorem
1107 1853 1202 1893 suum

57 1937 225 2023 componi,
254 1959 304 2000 res
328 1959 348 1999 a
372 1958 406 2000 se
429 1946 538 2021 gestas
561 1936 702 2021 antiquis
718 1936 867 1999 versibus
891 1936 1058 2021 celebrari,
1082 1959 1203 2001 merno-

58 2046 137 2108 riam
164 2065 258 2107 suam
283 2041 456 2130 epitaphiis
480 2043 605 2126 ornari,
637 2042 776 2128 denique
806 2042 952 2107 dedicari
977 2043 1037 2108 sibi
1054 2055 1203 2130 poemata

59 2149 252 2236 cupiebant,
276 2159 507 2236 poetarumque
531 2148 639 2213 studia
662 2149 824 2213 interdum
849 2148 1027 2235 splendidis
1051 2151 1206 2237 praemiis

53 2255 272 2321 donabantur.
300 2255 424 2343 Royuio
448 2278 525 2341 prae
548 2257 664 2320 ceteris
688 2266 758 2319 erat
781 2256 1003 2340 annitendum,
1026 2268 1063 2319 ut
1089 2258 1207 2321 carmi-

59 2365 151 2428 nibus
178 2386 233 2427 eos
258 2361 446 2446 celebraret,
469 2363 526 2447 qui
549 2372 580 2425 et
603 2363 665 2447 ipsi
682 2363 803 2425 iustum
819 2364 960 2448 pretium
976 2385 1035 2448 pro
1054 2362 1206 2428 laudibus

59 2469 252 2556 persolvere,
276 2479 315 2552 et,
340 2469 367 2532 si
384 2468 576 2556 probassent
593 2468 633 2532 de
650 2493 683 2533 se
700 2472 829 2555 scripta,
853 2482 965 2556 poetae
982 2493 1097 2534 nomon
1114 2471 1206 2555 inge-

59 2580 212 2662 niumque
236 2575 398 2662 plerisque
421 2586 552 2661 possent
576 2575 813 2640 commendare.
837 2575 986 2641 Gamrati
1004 2577 1204 2663 praepotenti

61 2685 161 2768 gratia
186 2683 235 2746 uti
259 2705 322 2745 non
349 2684 459 2767 potuit,
484 2682 621 2746 fortasse
637 2683 733 2747 etiam
750 2681 861 2766 noluit,
886 2683 1022 2746 factiosa
1039 2684 1108 2747 eius
1125 2706 1203 2747 con-

62 2790 126 2854 silia
150 2792 187 2853 in
213 2789 420 2874 capessendis
445 2788 540 2852 rebus
565 2787 704 2874 publicis
727 2789 923 2875 improbans,
948 2789 1084 2875 ideoque
1099 2791 1202 2876 ipsius

63 2897 165 2962 Bonae
190 2897 331 2982 reginae,
355 2896 505 2961 Gamrati
529 2895 677 2960 fautricis
701 2905 882 2982 perpetuae,
908 2897 1012 2960 caruit
1037 2897 1156 2961 favore.

162 3003 229 3070 Sed
260 3026 323 3089 quo
354 3005 478 3066 maiora
508 3015 601 3067 erant
631 3003 712 3067 haec
744 3003 905 3087 subsidia⁷
937 3005 1054 3089 quibus
1080 3005 1203 3090 ingenii

66 3110 151 3197 culpa
176 3111 298 3175 fatisve
321 3111 442 3195 iniquis
466 3109 640 3174 destitutus
663 3121 727 3193 est,
759 3133 795 3173 eo
827 3111 970 3173 firmiora
1003 3112 1203 3197 certioraque

67 3220 263 3302 contigerunt
294 3218 324 3280 oi
356 3216 450 3280 brevi
484 3227 556 3302 post
588 3216 764 3280 adventurn
800 3217 833 3279 iu
865 3217 1010 3281 amicitia
1042 3216 1203 3282 Samuelis

69 3323 232 3406 llaceovii‚
272 3335 341 3387 tum
372 3323 513 3409 episcopi
546 3321 707 3409 plocensis
742 3334 774 3386 et
805 3324 896 3408 regni
929 3324 1202 3389 vicecancellarii.

72 3428 137 3494 Erat
159 3432 245 3495 enim
271 3430 458 3494 Illaceovius
483 3431 535 3493 vir
551 3429 663 3512 bonus,
688 3431 733 3492 rei
751 3429 901 3514 publicae
917 3452 1040 3515 amaus,
1063 3430 1202 3497 traditae

75 3534 133 3599 fidei
151 3560 323 3623 rerumque
338 3535 526 3599 divinarum
542 3536 656 3618 cultor,
680 3535 860 3598 litterarum
877 3536 1052 3620 studiosus,
1077 3536 1201 3602 alienus

79 3643 194 3707 amalis
217 3643 344 3708 artibus
368 3641 580 3728 fallaciisque.
619 3643 652 3705 Is
676 3642 791 3730 Royzii
816 3643 983 3727 ingenium
1016 3643 1202 3728 candidum,

80 3767 137 3812 acre
157 3751 371 3836 ingenuisque
394 3748 518 3812 artibus
536 3748 690 3832 deditum,
714 3748 811 3812 facile
828 3747 952 3833 dilexit,
976 3771 1079 3833 neque
1097 3748 1201 3812 solum

81 3857 164 3935 gratia
195 3858 252 3921 sed
284 3857 380 3921 ctiam
412 3856 551 3942 pecunia
585 3855 627 3918 ad
663 3856 786 3919 maiora
821 3855 978 3919 nitentem
1013 3854 1201 3919 adiuvabat.

80 3956 202 4027 Dubium
227 3964 384 4028 serenan
409 3974 474 4046 est,
504 3962 582 4048 quin
605 3962 789 4047 principum
814 3962 848 4024 in
872 3983 907 4025 re
931 3960 1062 4047 publica
1087 3961 1203 4048 polona

84 4063 315 4135 administranda
339 4069 501 4152 virorum,
533 4079 569 4132 ut
592 4069 724 4132 Ioannis
747 4068 920 4147 Tarnovin
952 4069 1038 4132 Petri
1067 4068 1202 4153 (imitas,

84 4171 207 4241 Andreae
239 4177 280 4240 do
307 4177 433 4260 Gorca,
464 4175 665 4261 aliorumque
695 4175 846 4259 ingeniis,
877 4197 953 4238 mox
985 4174 1080 4238 etiam
1104 4175 1202 4239 rebus

84 4281 168 4367 gestis,
182 4284 369 4369 insignium,
386 4293 421 4346 ut
436 4281 592 4349 Stauislai
610 4282 711 4365 Hcsii‚
727 4281 901 4365 Augustini
917 4281 1067 4364 lictardi,
1083 4281 1201 4366 ipsius-

85 4401 131 4464 que
150 4389 276 4454 Ioannis
299 4390 405 4475 Langi
426 4388 543 4473 Sileon,
565 4389 678 4453 curiae
694 4388 877 4451 austriacas
893 4389 926 4450 in
943 4387 1078 4451 Polonia
1094 4386 1203 4474 legati,

84 4482 202 4577 Royzius
226 4498 375 4561 notitiam
398 4496 508 4560 inierit
530 4496 564 4559 in
589 4493 663 4559 aula
687 4493 864 4576 Maceovii‚
896 4495 950 4558 ubi
982 4494 1137 4581 quicquid
1168 4496 1202 4559 in

1055 4620 1097 4669 ΗΟ
