3016 5310
163 521 242 528 ,-

163 533 248 540 ——
279 531 370 536 -----

163 881 191 924 0.

528 446 562 480 ΒΕ
581 445 745 480 uurutuoxto
765 446 851 481 neoto.

226 643 370 709 Alterius
393 641 440 705 nil
465 641 574 728 stirpis
598 663 687 728 opus,
712 639 768 704 sed
792 641 950 725 sanguine
973 639 1086 706 ecdem

224 752 345 815 Lectus
368 759 429 831 eat,
452 749 507 836 qui
531 747 657 811 laturus
682 756 809 834 sceptra
832 769 930 812 aurea
954 747 1069 812 dextra
1092 759 1149 813 est.

315 857 429 921 Prisca
453 854 601 920 Mieslai¹
626 864 820 919 succurrant
842 863 988 941 tempora
1010 855 1106 941 regis,

225 963 286 1030 Cui
311 985 432 1051 parvus
456 962 634 1028 Casinrirus
658 972 727 1024 crat
750 983 838 1046 puer.
864 961 961 1026 unica
983 960 1099 1048 proles.

226 1070 332 1151 Quem
356 1070 432 1155 quia
456 1090 519 1131 non
543 1069 628 1153 grati
652 1090 787 1133 exosum
811 1067 917 1133 fecere
941 1068 1083 1155 parentis

223 1178 333 1261 Facta,
357 1176 469 1240 furens
492 1176 596 1261 patrio
619 1174 757 1261 populus
782 1174 933 1261 spoliavit
954 1174 1085 1240 honore.

225 1282 371 1346 Turbata
394 1281 513 1347 dehine
537 1282 698 1346 Sarmatia
723 1281 874 1345 civilibus
897 1283 1006 1366 armis,

181 1447 189 1457 .
224 1390 307 1455 Cum
329 1389 476 1476 patribus
500 1411 564 1452 non
588 1411 687 1453 mens.
711 1389 793 1453 ratio
817 1411 881 1451 non
907 1411 970 1452 una
995 1389 1121 1453 fuisset:

226 1496 332 1576 Quis²
355 1519 429 1580 non,
453 1519 480 1580 0,
504 1494 665 1581 precibus,
688 1496 761 1581 quis
784 1518 848 1558 non
872 1496 1053 1581 repoposcit
1075 1494 1215 1561 eundem

224 1604 346 1667 Effusis
369 1601 508 1688 populus
531 1601 687 1666 lacrimis!
712 1600 805 1681 Quae
828 1611 956 1687 sceptra
978 1611 1121 1687 negarat,

224 1712 345 1797 Sponte
368 1710 475 1774 ferens
499 1708 694 1795 tradensque
718 1731 786 1793 sua,
808 1708 1022 1795 procumbere
1047 1708 1185 1795 supplex

224 1817 335 1903 Usque
358 1837 419 1880 nec
442 1815 581 1901 erubuit,
605 1814 817 1902 madidosque
840 1814 1009 1881 ostendere
1032 1813 1151 1899 vultus,

182 1975 188 1988 .
225 1922 382 1990 Cluniaco
405 1921 484 1986 dum
507 1923 598 1986 triste
622 1923 715 1985 seni³
737 1921 937 2008 funebreque
960 1920 1082 1987 bellum

223 2030 460 2096 Commemorat
483 2031 607 2116 patriae
631 2051 755 2115 oeuque
777 2051 898 2115 urgens
922 2028 1064 2115 undique
1088 2028 1201 2113 fatum,

223 2138 268 2202 Et
289 2136 399 2222 regale
421 2159 535 2222 genus,
559 2136 764 2220 Casimirum,
788 2136 924 2201 erimine
946 2135 1037 2200 nullo

223 2243 407 2330 Expulsum
430 2244 545 2329 repetit
568 2244 687 2328 regnis,
711 2243 865 2330 adoperta
889 2242 1017 2308 eueullo

222 2349 383 2437 Tempora
406 2351 469 2415 iam
495 2362 669 2435 curtesque
691 2372 800 2415 eomas
825 2349 865 2415 de
888 2372 976 2415 more
1000 2349 1156 2415 ferentem

180 2508 187 2521 .
223 2456 367 2542 Illorum,
391 2458 446 2543 qui
470 2456 579 2545 adytis
604 2481 637 2521 se
661 2456 821 2523 devovere
844 2459 998 2541 Deorum,

219 2563 412 2651 Pauperiem
435 2576 466 2628 ct
489 2563 588 2628 duros
613 2565 684 2630 aevi
708 2564 845 2630 tolerare
868 2564 994 2629 labores

221 2669 512 2757 Contemptumque
536 2672 616 2754 ausi,
638 2670 885 2757 libertatemque
908 2671 1077 2736 iubentum

221 2775 376 2841 Subieere
400 2777 552 2860 arbitriis,
577 2779 732 2865 pronique
756 2801 923 2864 capessere
946 2779 1044 2842 iussa

220 2883 294 2947 Non
318 2884 383 2947 iam
407 2884 457 2947 fas
480 2883 609 2970 prodire
632 2884 712 2949 loeis
736 2897 791 2949 aut
816 2884 905 2949 urbis
928 2884 1020 2949 adire

178 3040 185 3053 .
221 2989 409 3056 Conventus
433 3000 584 3055 coetusve
606 2991 783 3076 hominum,
807 2991 864 3057 aed
887 2991 1056 3055 moenibus
1080 2992 1163 3075 unis,

220 3096 316 3176 Quod
341 3109 494 3184 superest,
518 3101 642 3185 agitare
664 3122 791 3183 aevum,
815 3098 936 3184 vilique
957 3097 1095 3184 grabato

219 3202 382 3271 Pallentes
405 3204 524 3273 durare
548 3217 638 3270 artus
661 3205 918 3291 moribundaque
940 3205 1094 3290 membra,

219 3310 341 3375 Dulcia
364 3313 516 3399 coniugia
539 3324 571 3378 et
594 3313 694 3378 laetos
718 3314 843 3378 nescire
865 3312 1075 3401 hymenaeos:

219 3415 279 3482 Ille
302 3428 394 3504 pater
417 3421 489 3503 nisi,
518 3419 653 3507 Thybri,
676 3431 769 3484 tuum
792 3420 848 3507 qui
870 3441 999 3505 praeses
1023 3418 1065 3484 ad
1089 3442 1217 3484 aurnum

177 3573 184 3587 .
220 3522 359 3589 Sublimi
383 3526 417 3589 in
442 3526 521 3591 solio
544 3527 628 3591 vasti
653 3527 742 3593 sodet
765 3526 886 3591 arbiter
909 3525 1005 3609 orbis,

217 3630 284 3696 Det
307 3633 435 3696 veniam
460 3634 573 3716 oranti,
597 3633 812 3719 precibusque
836 3632 1057 3699 accommodet
1079 3655 1182 3697 aures.

218 3736 348 3823 Quique
371 3739 480 3803 aditus
502 3740 643 3824 tandem,
664 3779 707 3787 -
731 3763 807 3804 narn
831 3741 951 3805 frustra
975 3738 1123 3805 Sarmata
1146 3751 1254 3825 patres

218 3842 392 3909 Cluniacos
416 3845 505 3929 adiit,
529 3886 573 3893 —
597 3847 692 3912 dietis
717 3870 781 3910 non
806 3869 899 3933 asper
922 3847 1035 3911 amicis

217 3951 353 4036 Annuit,
376 3963 407 4016 et
431 3954 534 4038 posito
557 3955 650 4017 iussit
675 3953 783 4038 rogale
806 3953 935 4018 cucullo

220 4234 227 4262 ¹
247 4236 299 4286 Sic.
320 4238 366 4285 Eat
388 4238 540 4286 Miccislans
560 4240 593 4299 ll,
623 4239 735 4287 lloleslai
756 4240 876 4303 Chrebry
895 4240 973 4291 tilica.
1000 4239 1045 4303 qui
1070 4237 1193 4299 regnavit
1217 4237 1250 4286 ab

163 4322 226 4375 [025
245 4340 328 4389 usque
349 4326 382 4374 ud
401 4342 424 4375 a.
445 4325 522 4377 1034.

216 4412 227 4440 ²
248 4414 345 4476 „Quis”
367 4421 406 4463 oct
427 4416 569 4465 ablativus.
600 4418 627 4464 ln
648 4417 709 4465 edit.
731 4433 776 4481 pr:
800 4418 916 4481 „qrrcis“.

217 4502 227 4527 ⁷¹
248 4503 304 4553 scil.
326 4505 418 4552 abbati
439 4507 558 4553 coenobii
580 4506 704 4555 cluniaci.
