3016 5310
321 449 432 499 LXXIV
813 465 968 499 enarrarre.

425 656 490 724 Sed
513 658 541 722 si
565 668 771 744 quaeruntur
793 670 995 744 argumenta,
1026 681 1068 724 ex
1091 658 1210 746 quibus
1233 657 1397 747 Royaium
1423 659 1455 721 iu

318 765 520 852 antiquitatis
542 765 661 830 litteris
683 778 850 830 versatum
875 766 977 830 fuisse
999 765 1141 850 eluceat,
1172 765 1230 830 vix
1258 766 1458 852 praetermit-

318 871 417 936 tenda
440 883 515 936 sunt
538 895 585 958 ea,
608 895 691 960 quae
715 895 790 938 cum
805 896 901 961 prosa
917 874 1062 938 oratione
1077 873 1321 960 composuisset,
1345 872 1459 938 abbae

318 980 460 1046 editione
483 979 596 1045 abesse
619 979 809 1045 debuerunt.
848 981 1040 1046 Dccisiones
1063 980 1237 1046 lituanicas
1260 979 1350 1066 dice,
1380 1004 1459 1069 quae

317 1108 513 1173 quamquam
536 1089 666 1174 proprie
690 1086 836 1173 singulas
860 1088 940 1152 iuris
964 1089 1168 1174 quaestiones
1183 1097 1336 1173 tractant,
1360 1087 1458 1153 multa

318 1205 427 1259 tamen
450 1193 571 1259 habent
594 1216 659 1259 non
683 1194 787 1259 solum
810 1218 853 1259 ex
875 1196 1018 1282 antiquis
1040 1197 1153 1282 poetis,
1175 1217 1290 1259 verum
1306 1196 1408 1259 etiam
1421 1218 1460 1260 ex

316 1299 497 1386 historicis,
536 1301 733 1389 philosophis
765 1302 1012 1388 oratoribusque
1047 1301 1245 1389 deprompta.
1284 1303 1458 1367 Auctorem

318 1408 405 1473 enim
421 1408 588 1472 Andream
604 1408 779 1493 Alciatum,
795 1419 1035 1497 praeceptorem
1057 1431 1152 1473 suum
1169 1419 1309 1493 secutus,
1326 1409 1461 1474 fortasse

317 1515 416 1580 etiam
450 1516 607 1580 rationem
647 1539 666 1579 a
697 1516 854 1582 Cicerone
888 1517 1005 1582 totiens
1037 1516 1243 1580 observatam
1275 1518 1459 1603 respiciens,

317 1622 462 1711 Royaius
485 1623 611 1687 aridam
636 1624 717 1687 iuris
740 1623 902 1688 tractandi
923 1624 1125 1710 provinciam
1142 1624 1188 1686 ita
1203 1622 1374 1688 laetiorem
1390 1622 1459 1689 red·

318 1729 395 1795 dere
418 1731 606 1816 conabatur,
638 1744 686 1816 ut,
711 1732 896 1817 ubicunque
919 1731 1048 1795 occasio
1072 1730 1220 1815 dabatur,
1244 1730 1287 1795 ad
1311 1732 1459 1817 antiquas

317 1836 450 1922 litteras,
474 1838 592 1925 quibus
615 1849 684 1902 tum
708 1839 883 1924 praecipue
898 1836 1045 1902 homines
1066 1837 1248 1922 studebant,
1272 1838 1458 1904 decurreret

318 1966 493 2032 earumque
516 1945 596 2009 locis
621 1944 749 2010 selectis
780 1946 873 2031 quasi
897 1944 1075 2010 luminibus
1099 1946 1295 2010 severiorem
1328 1944 1370 2011 de
1392 1947 1460 2009 iure

318 2051 567 2138 disputationem
592 2051 778 2116 illustraret.
803 2052 873 2115 lam
897 2053 931 2116 in
955 2053 1026 2137 ipsa
1050 2052 1188 2137 epistula
1211 2051 1252 2116 ad
1276 2053 1459 2138 Sigismun-

318 2158 396 2222 dum
421 2161 605 2245 Augustum
630 2181 754 2245 regem,
785 2159 995 2245 praefationis
1019 2159 1090 2224 loco
1112 2160 1345 2225 Decisionibus
1369 2181 1459 2246 prae·

318 2267 433 2351 missa,
464 2265 567 2330 multa
591 2268 661 2331 eius
683 2268 813 2353 generis
840 2268 967 2351 insunt,
999 2268 1083 2331 inter
1113 2268 1215 2353 ipsius
1245 2289 1326 2332 vero
1357 2268 1461 2353 operis

317 2372 418 2437 libros
442 2375 564 2458 primus
588 2373 731 2460 reliquos
763 2384 894 2460 superat
926 2375 1126 2459 antiquitatis
1158 2375 1333 2438 memoriae
1361 2375 1459 2461 copia,

317 2503 513 2566 quamquam
537 2491 569 2546 et
592 2481 724 2567 reliqui,
748 2481 909 2568 imprimis
933 2482 1048 2546 tertius
1071 2492 1102 2546 et
1125 2491 1278 2567 quartus,
1302 2482 1383 2545 satis
1405 2482 1461 2546 ab·

317 2587 443 2651 undant
466 2587 610 2653 flosculis
634 2588 700 2652 illis
723 2599 817 2653 extra
847 2590 928 2652 iuris
958 2590 1161 2675 provinciam
1185 2588 1349 2653 delibutis.
1388 2589 1458 2653 Non

317 2695 426 2758 omnia
449 2694 529 2759 haec
552 2696 695 2784 Royaius
720 2697 788 2782 ipse
811 2720 853 2761 ex
877 2696 1021 2760 fontibus
1037 2698 1161 2783 primns
1177 2697 1334 2777 enotavit3
1358 2694 1460 2759 multa

317 2803 468 2888 repetivit
492 2804 555 2866 iam
580 2814 709 2866 enotata
732 2826 774 2867 ex
797 2803 878 2867 iuris
901 2802 1071 2868 codicibus
1086 2824 1262 2888 eorumque
1276 2802 1380 2888 libris,
1403 2802 1457 2889 qui

316 2910 437 2973 renatis
468 2911 670 2996 antiquitatis
701 2910 817 2974 studiis
850 2910 890 2974 de
921 2911 991 2974 iure
1022 2931 1155 2974 romano
1179 2911 1396 2995 scripserunt,
1426 2907 1458 2972 id

317 3015 403 3101 quod
426 3028 458 3081 et
480 3018 550 3104 ipse
574 3015 743 3103 aliquoties
768 3017 889 3081 fatetur
911 3019 1033 3098 (Dacis.
1056 3017 1102 3081 lit.
1122 3016 1223 3104 praef.
1240 3016 1338 3098 med.;
1362 3017 1459 3101 1‚42;

317 3123 379 3207 ΙΙΙ,
405 3126 481 3205 1973
505 3125 584 3205 2073
608 3126 688 3205 4413
711 3127 777 3189 514
793 3147 872 3212 sqq.3
889 3124 947 3209 IV,
965 3127 1042 3206 1143
1063 3125 1138 3205 1503
1156 3126 1222 3188 416
1239 3145 1298 3210 sq.;
1315 3123 1358 3209 V,
1375 3124 1475 3208 135),

317 3240 348 3293 et
372 3229 544 3313 interdum,
568 3255 764 3317 quamquam
788 3254 853 3295 non
877 3231 1019 3315 adnotat,
1043 3230 1139 3295 facile
1163 3230 1380 3295 demonstrari
1403 3253 1458 3316 po·

316 3348 387 3400 test.
411 3336 466 3403 Sic
490 3360 564 3402 cum
588 3338 695 3403 adfert
719 3337 818 3402 latine
841 3337 949 3403 locum
973 3337 1193 3423 Cresphontis,
1216 3336 1387 3424 Euripidis
1411 3337 1459 3401 fa-

317 3443 413 3508 bulae
437 3443 623 3530 deperditae
647 3447 768 3527 (Decis.
786 3446 811 3528 Ι,
829 3447 892 3529 87),
916 3446 1030 3508 nititur
1045 3445 1213 3512 Ciceronis
1229 3445 1361 3510 Tuscul.
1377 3443 1458 3531 disp.

316 3550 336 3614 l.
361 3552 386 3636 Ι,
410 3552 463 3635 48,
488 3554 561 3635 115,
585 3575 680 3638 quem
704 3576 768 3616 non
792 3564 968 3639 nuncupat.
1007 3553 1126 3617 Utrum
1159 3563 1271 3615 notum
1303 3552 1367 3616 sibi
1397 3551 1459 3616 loci

316 3671 482 3723 auctorem
505 3662 672 3725 reticuerit
695 3661 848 3725 brevitati
873 3660 1016 3746 studens,
1040 3683 1081 3723 an
1102 3659 1312 3744 ignoraverit,
1337 3658 1460 3724 locum·

316 3788 378 3851 que
403 3765 539 3831 fortasse
563 3766 626 3831 alio
651 3768 806 3853 scriptore
830 3767 922 3852 duce,
945 3769 1000 3854 qui
1024 3769 1094 3853 ipse
1110 3767 1300 3832 Ciceronem
1321 3789 1388 3831 non
1403 3789 1459 3830 no-

317 3874 464 3958 minavit,
487 3874 649 3958 adtulerit,
673 3875 809 3940 difficile
832 3889 881 3940 cst
905 3898 963 3961 pro
987 3889 1074 3939 certo
1099 3874 1293 3954 diiudicare3
1318 3895 1395 3938 cum
1411 3883 1460 3937 ta·

317 4003 407 4065 men,
442 3982 476 4044 id
507 3983 593 4069 quod
624 3982 711 4046 infra
743 3983 1035 4067 demonstrabitur,
1067 3983 1100 4044 in
1131 3982 1298 4049 Ciceronis
1330 3981 1459 4067 scriptis

315 4087 459 4178 Royzius
483 4090 565 4154 bene
589 4101 738 4155 versatus
764 4091 878 4175 fuerit,
908 4090 1023 4177 bisque
1045 4099 1212 4175 praeterea
1236 4090 1328 4167 (Dec.
1352 4088 1373 4152 l.
1396 4087 1459 4172 ΙΙΙ,

317 4197 477 4280 36131V‚
504 4200 580 4280 149)
613 4200 691 4262 satis
723 4200 785 4263 sibi
816 4201 900 4262 notis
924 4199 1090 4265 Ciceronis
1122 4196 1201 4261 locis
1232 4205 1366 4261 auctore
1396 4217 1459 4260 non

316 4316 503 4390 nuncupato
528 4329 605 4368 usus
630 4307 679 4389 sit,
703 4307 801 4370 etiarn
824 4305 886 4370 hoc
910 4305 981 4369 loco
1001 4328 1073 4370 aum
1091 4304 1190 4368 fontis
1207 4304 1276 4368 veri
1294 4304 1460 4370 conscium

317 4411 379 4475 sibi
403 4411 504 4477 fuisse
528 4412 705 4478 verisimile
729 4424 786 4478 est.
810 4413 967 4480 Similiter
989 4435 1041 4477 res
1066 4422 1252 4498 comparata
1267 4422 1316 4475 est
1333 4410 1462 4477 duobus

316 4518 389 4582 aliis
414 4518 509 4604 loeis,
540 4544 676 4607 quorum
708 4521 810 4586 altero
841 4520 912 4605 (IV,
937 4523 990 4601 72)
1021 4520 1166 4609 Royzius
1191 4530 1348 4606 provocat
1377 4517 1462 4586 adI
