2948 5302
319 501 442 537 ursronm
462 497 590 535 resume
608 501 636 535 ni
655 505 708 541 om.
725 506 876 542 aronensem
895 508 914 544 ι.
1127 490 1191 557 105

242 702 286 766 Et
309 713 344 765 tu
368 699 525 765 Romulei.
548 710 584 763 tu
607 723 691 788 pars,
715 700 810 787 Otho,
833 725 953 788 magna
977 715 1118 788 senatus,

154 807 334 874 Cardincus
358 830 454 895 quem
477 807 560 871 tollit
584 831 675 894 apres,
699 810 936 896 Augusteque¹
961 811 1061 875 iactat

153 916 353 999 Pontificem,
377 926 505 1001 patrum
530 916 668 999 vestigia
691 928 766 980 note
790 928 952 981 tenentem

153 1023 341 1088 Priscorum
364 1024 540 1110 magnique
562 1033 705 1088 tuentem
730 1025 803 1088 iure
826 1024 965 1107 Quirini,

152 1130 408 1219 Deploraturum
432 1132 547 1195 misisti
572 1131 613 1195 ad
638 1131 753 1196 funcra
778 1133 945 1203 Raemum,

153 1237 283 1303 Funera
307 1240 402 1324 regie,
430 1251 499 1304 eret
523 1240 550 1301 si
574 1241 646 1325 quis
671 1241 752 1326 pius,
778 1239 873 1323 illius,
898 1241 1007 1304 unus²

153 1343 218 1424 Qui
242 1355 333 1409 casta
357 1344 448 1409 divos
473 1346 505 1409 in
530 1345 686 1431 religione
710 1347 844 1414 colebat.

153 1451 262 1515 Nullis
286 1452 362 1517 indc
385 1452 552 1517 hominum
576 1454 730 1541 depulsus
753 1455 880 1519 viribus
903 1454 989 1537 oliuu

152 1558 191 1622 In
215 1581 397 1643 numerum,
421 1559 549 1643 dignus.
574 1562 693 1626 reserat
716 1586 811 1649 qucm
835 1562 938 1627 Roma
962 1563 1097 1649 piorum.

152 1665 383 1754 Defunctoque
406 1691 480 1731 arae
504 1670 635 1733 meritos
659 1669 812 1734 decernat
836 1668 981 1733 honores.

243 1772 416 1839 Advencre
440 1775 504 1841 ulii.
528 1775 625 1839 claris
649 1800 729 1862 gens
756 1777 889 1861 regibus
912 1788 991 1857 orta

152 1879 292 1966 Regales
315 1883 406 1946 iuvat
429 1883 563 1947 inferias
587 1908 667 1971 quos
691 1907 826 1949 cernere
850 1906 960 1948 corum
971 1889 991 1947 ³.

242 1989 315 2053 Non
340 1989 495 2054 Albertus
519 1991 705 2078 abestque
729 2014 763 2055 se
787 1991 870 2055 duee
893 1991 1027 2055 Prussia
1051 1992 1158 2074 iactet,

153 2094 218 2175 Qui
243 2098 476 2183 consanguinei
500 2098 645 2184 deploret
670 2099 786 2163 funera
808 2099 908 2183 regis3

152 2202 299 2268 llarchio
322 2227 386 2268 non
410 2204 522 2270 alter⁴.
545 2229 641 2292 quem
667 2205 948 2287 Brundemburgia
972 2202 1075 2288 tellus,

152 2309 213 2374 Tot
236 2311 332 2374 victis
356 2310 503 2389 ducibus,
528 2313 654 2399 populis
679 2324 724 2376 tot
747 2314 852 2377 Marte
877 2313 1028 2389 subactis,

152 2417 322 2502 Ingentem
346 2418 462 2484 Carolo
485 2420 606 2504 gaudet
630 2422 791 2508 peperisse
815 2419 1014 2506 triumphum

152 2524 285 2611 Subque
309 2526 421 2609 iugum
446 2526 562 2592 dextra
585 2538 714 2613 gentem
738 2529 864 2592 misisse
887 2525 1049 2591 rebellem.

242 2632 471 2718 Landgrevius
487 2658 594 2701 comes
610 2636 686 2701 huie
704 2635 1014 2719 Leuthenburgaeus
1031 2632 1186 2699 adhaesit.

152 2738 301 2804 Caesaris
324 2764 415 2806 arum
436 2766 562 2829 quoquc
586 2754 618 2807 et
641 2745 790 2807 victricia
814 2744 907 2827 signa
931 2752 1070 2823 secutus,

152 2846 331 2912 Exsultans
355 2873 458 2936 nuper
481 2850 589 2915 media
613 2853 696 2914 inter
719 2850 840 2936 proelia
863 2851 980 2914 victor:

152 2951 224 3018 Flet
246 2957 356 3041 magni
381 2959 466 3040 regis
489 2958 633 3021 lacrimis
657 2981 744 3023 nunc
769 2958 867 3021 funus
891 2957 1021 3021 obortis.

241 3061 321 3126 Dux
344 3064 545 3128 Veneeslaus
569 3089 632 3128 uon
657 3066 749 3129 iustis
774 3065 877 3129 defuit
901 3064 980 3129 istis.

152 3168 238 3243 Dux,
263 3170 405 3234 Tessine.
429 3184 504 3235 tuus
515 3176 535 3237 5.
560 3194 672 3252 regum
696 3195 849 3252 generosa
875 3193 1026 3257 propago,

152 3275 331 3363 Relliquiae
355 3278 442 3343 clero
467 3281 584 3344 veteris
608 3280 648 3344 de
671 3291 766 3363 gente
791 3280 900 3344 Piasti.

152 3382 349 3467 Mansuetus,
372 3387 445 3472 pius
468 3399 498 3450 ct
523 3386 673 3451 clemens.
698 3388 887 3450 mitissimus
910 3384 1013 3449 lmros,

152 3489 231 3554 Esse
255 3490 348 3555 decet
370 3492 497 3578 qualem
523 3493 622 3577 regali
648 3519 666 3557 a
691 3495 790 3580 stirpe
813 3494 1005 3579 prol'cctum,

152 3596 281 3683 Dignus
305 3623 366 3663 avo
389 3611 421 3663 et·
443 3601 605 3686 quondam
630 3600 827 3664 moderanda
852 3600 891 3662 ud
917 3610 1044 3684 sceptra
1065 3596 1184 3659 vocari.

238 3705 353 3771 Cultus
378 3707 498 3794 ubique
521 3708 600 3782 dics¹¹
624 3709 718 3771 matri
744 3730 835 3770 sacci·
859 3729 986 3770 annuus
1011 3707 1134 3779 Anniae,

152 4035 157 4063 ¹
177 4039 301 4103 Augusta
321 4039 489 4091 Vindelicum
508 4042 563 4091 eive
583 4043 733 4106 Augsburg.
760 4038 830 4089 Otho
850 4037 906 4086 sive
926 4037 988 4086 Otto
1008 4032 1140 4084 Truchees
1160 4048 1184 4082 v.

152 4142 193 4192 rrg
213 4127 264 4178 obi.
286 4144 310 4178 e.
332 4127 409 4180 1573.

152 4211 159 4242 ¹
177 4217 222 4268 Sic
240 4217 269 4267 in
288 4218 361 4283 odim
380 4221 410 4270 R.
431 4220 547 4285 scripsit,
568 4221 595 4268 ni
616 4219 693 4270 fallor
716 4221 807 4281 „Erat,
826 4218 848 4266 si
867 4234 891 4281 q.
913 4233 946 4280 p,
966 4212 1011 4263 ille
1030 4212 1072 4261 vir
1090 4212 1183 4259 unus“·

152 4301 157 4331 ¹
175 4304 305 4356 Gomicki
324 4307 427 4371 (Dzieje
446 4307 485 4357 ed.
507 4310 569 4357 Tur.
585 4326 627 4373 pg.
645 4308 686 4373 ll)
706 4309 809 4373 legatos
824 4306 967 4357 electorum
982 4300 1183 4368 principumque

152 4394 209 4459 riae,
229 4395 357 4446 Italorum
377 4397 475 4447 ducum
495 4399 584 4463 reique
605 4399 675 4463 publ.
698 4401 858 4449 Venetorum
878 4395 985 4444 affuisse
1005 4398 1106 4440 narrat.

152 4481 328 4535 *loechimue
347 4487 381 4536 Il.
401 4487 446 4552 qui
466 4488 592 4552 regnavit
610 4505 654 4538 aa.
676 4486 859 4539 lose-1571.

152 4569 158 4602 ⁵
176 4573 341 4627 venceslaus
360 4576 407 4627 111.
428 4575 504 4627 Ceut.
524 4577 545 4641 1,
565 4576 589 4641 7,
609 4576 668 4630 227.
