3016 5310
158 430 302 481 XXXVIII
651 444 808 480 staurano.

157 661 220 727 gae
242 659 393 726 prospere
415 638 514 705 rebus
537 638 724 724 compositis
746 636 853 702 hieme
875 638 942 701 iam
963 636 1244 724 adpropinquante
1259 635 1305 704 le·

156 747 225 834 gati
256 745 298 810 ad
329 744 501 812 Gedanum
533 756 750 810 accesserunt.
789 745 835 809 At
864 743 1094 830 Gedanenses‚
1131 766 1173 810 ne
1208 744 1306 810 novis

155 853 315 940 Impositis
338 851 466 939 legibus
489 850 623 917 libertas
646 853 791 938 ipsorum
814 850 1066 935 deminueretur,
1090 851 1192 936 anxii,
1213 849 1303 938 lega-

156 960 275 1025 tionem
299 971 411 1025 contra
436 958 637 1024 conditiones
661 957 792 1023 deditae
814 957 978 1044 quondam
1003 957 1134 1024 Polonis
1149 958 1244 1022 urbis
1260 957 1304 1023 ad

156 1088 192 1130 se
214 1067 299 1130 mitti
322 1065 582 1153 praetendentes,
606 1065 740 1129 armatis
764 1086 822 1152 per
837 1086 948 1129 muros
964 1063 1143 1152 dispositis,
1166 1062 1308 1151 polonae

156 1173 296 1237 nationis
319 1171 505 1237 hominibus
529 1173 657 1237 cunctis
688 1170 769 1237 urbe
799 1170 945 1258 expulsis
974 1171 1141 1258 portisque
1171 1169 1304 1257 clausis,

156 1278 279 1365 legatos
303 1279 393 1344 aditu
417 1264 671 1343 intercluserunt
694 1278 732 1362 (Ι,
756 1280 822 1343 274
845 1302 891 1365 sq.
914 1280 957 1361 4).
989 1278 1104 1363 Legati
1127 1300 1163 1344 re
1178 1277 1305 1344 infecta

155 1385 264 1451 redire
287 1384 329 1449 ad
352 1407 464 1471 regem
487 1395 563 1449 sunt
587 1386 700 1449 coacti.
731 1385 876 1473 Royaius
899 1385 1045 1470 graviter
1066 1385 1209 1449 offensus
1234 1407 1306 1450 rem

156 1491 356 1558 carminibus
380 1491 569 1578 descripsit,
593 1492 626 1555 iu
650 1490 767 1578 quibus
791 1513 901 1577 regem
925 1490 1126 1578 Polonosque
1148 1490 1304 1557 hortaba-

154 1610 216 1684 tur,
239 1599 287 1662 uti
312 1597 523 1663 Gedaneuses
548 1608 657 1685 utpote
679 1596 787 1663 laesae
809 1597 989 1662 maiestatis
1013 1598 1203 1662 manifestos
1225 1620 1307 1685 gra·

153 1705 289 1770 vissima
309 1727 412 1791 poena
428 1704 561 1769 afficere
577 1727 640 1769 non
657 1703 853 1788 dubitarent,
878 1715 1096 1791 caverentque
1113 1704 1176 1769 sibi
1191 1727 1212 1769 a
1229 1728 1308 1771 mu-

151 1810 294 1894 neribus,
317 1812 436 1898 quibus
460 1809 596 1878 Gedano
620 1812 710 1875 missi
733 1811 880 1897 singulos
905 1821 1070 1876 senatores
1091 1832 1307 1900 eorrumpere

153 1929 357 1983 conarentur.
382 1919 478 1983 Hauc
502 1918 683 1981 carminum
708 1919 826 1982 seriem
848 1919 882 1981 in
907 1917 1000 2003 plura
1023 1916 1223 2004 exemplaria
1244 1918 1307 1985 de·

153 2025 308 2112 scriptam
330 2025 365 2088 in
389 2022 558 2111 publicum
581 2024 689 2089 emisit
712 2047 758 2110 eo,
789 2025 912 2111 opinor,
936 2023 1080 2103 consilio,
1104 2034 1155 2108 ut,
1179 2025 1308 2089 animis

153 2142 339 2196 senatorum
361 2132 613 2217 nuntiorumque
636 2131 678 2194 ad
702 2131 834 2196 comitia
856 2132 1030 2195 missorum
1054 2140 1167 2196 contra
1189 2130 1301 2197 (leda-

153 2259 271 2303 nenses
293 2236 497 2303 exacerbatis
529 2237 567 2321 (1,
590 2237 781 2318 280-296)
813 2236 1041 2324 fautorumque
1072 2237 1162 2302 urbia
1192 2238 1302 2324 gratia

151 2343 256 2409 fracta
279 2346 318 2431 (I,
341 2346 541 2429 uec-292),
563 2344 699 2430 gravius
723 2344 756 2408 ln
778 2366 850 2408 reos
868 2343 1099 2409 consuleretur.
1122 2343 1195 2410 Rex
1210 2345 1303 2409 enim

109 2474 113 2481 ’
149 2452 306 2538 proximis
329 2452 469 2517 comitiis
492 2450 625 2515 Lublini
649 2462 788 2516 exeunte
812 2472 840 2516 a.
866 2451 952 2516 1568
975 2449 1136 2516 habendis
1152 2450 1307 2518 adhibito

149 2568 335 2622 senatorum
358 2558 495 2623 consilio
514 2557 673 2622 iudicium
690 2557 730 2622 de
745 2557 992 2623 Gedanensium
1009 2557 1128 2623 delicto
1143 2580 1306 2625 exercere·

146 2665 312 2730 constituit
337 2666 486 2750 ipsosque
510 2664 551 2729 ad
568 2687 701 2730 causam
717 2664 890 2731 dicendam
908 2666 1003 2730 citari
1020 2666 1124 2730 iussit.
1148 2667 1303 2748 Quorum,

41 2848 43 2852 Α
149 2770 266 2856 legatis
297 2793 324 2834 a.
356 2769 387 2835 d.
411 2771 496 2836 VIII
528 2771 571 2835 id.
602 2772 769 2836 ianuarias
800 2794 829 2836 a.
854 2773 941 2837 1569
963 2771 1172 2859 interrogatis
1204 2772 1299 2839 brevi

151 2879 303 2964 apparuit
325 2877 519 2945 Glefeldium
545 2878 783 2965 burggravium
806 2877 903 2965 culpa
925 2901 990 2943 non
1015 2900 1134 2944 vacare
1160 2878 1306 2966 ideoque

151 2986 258 3072 ipsum
282 2984 324 3048 ad
348 3007 481 3050 causam
506 2984 678 3051 dicendam
704 2987 825 3051 arcessi
842 2984 973 3073 placuit.
996 2984 1176 3051 Olefeldius
1193 2987 1305 3073 primo

151 3090 373 3157 valetudinem
397 3114 555 3157 excusare
578 3102 769 3179 tempusque
790 3091 975 3158 cunctando
991 3102 1096 3157 terere
1111 3092 1150 3177 (I,
1162 3092 1228 3156 296
1241 3116 1304 3180 sq,

152 3198 215 3282 13),
246 3221 323 3262 mox
347 3199 402 3264 ubi
426 3200 620 3264 necessitate
651 3210 782 3263 coactus
813 3198 856 3262 ad
886 3198 1030 3264 tribunal
1058 3199 1165 3284 venit,
1196 3220 1306 3265 causa.

151 3304 239 3369 diota
256 3305 373 3370 noxius
389 3305 563 3391 iudicatus,
579 3307 614 3369 iu
631 3305 813 3371 custodiam
829 3305 966 3371 liberam
982 3305 1077 3371 datus
1093 3315 1150 3371 est.
1165 3306 1304 3371 Deinde

150 3410 304 3496 postulati
328 3424 403 3477 sunt
426 3412 461 3476 in
485 3414 536 3477 ius
559 3413 683 3478 Ferber
706 3424 737 3477 et
760 3413 904 3495 Proitus,
935 3412 1000 3477 duo
1023 3413 1113 3478 urbia
1136 3410 1305 3497 eonsules,

149 3516 345 3604 Giesiusque
360 3518 502 3604 decurio,
526 3519 644 3607 quibus
660 3531 692 3584 et
708 3520 788 3605 ipsis
803 3520 924 3584 auditis
940 3519 1119 3607 culpaeque
1134 3520 1304 3585 convictis

149 3621 256 3687 medio
279 3623 412 3689 demum
435 3636 573 3711 augusto
596 3648 707 3691 mense
731 3648 758 3690 a
784 3628 870 3691 1569
894 3626 1039 3713 quaestio
1063 3625 1104 3691 de
1119 3624 1302 3692 Gadaren-

148 3731 234 3793 sium
258 3730 377 3796 delicto
400 3730 443 3795 ad
466 3733 562 3797 finem
579 3743 629 3796 est
643 3732 809 3819 perducta.
834 3733 968 3798 Praeter
983 3731 1179 3798 Glefeldium
1195 3733 1296 3799 etiam

149 3836 346 3923 Ferberum,
370 3838 516 3903 Proitum
541 3837 752 3925 Giesiumque
776 3840 810 3902 in
835 3838 982 3903 custodia
1006 3839 1139 3904 retineri
1161 3837 1303 3925 placuit,

149 3942 253 4009 donec
276 3944 378 4010 altera
400 3943 520 4031 legatio
536 3944 710 4012 Gedanum
727 3945 885 4011 mittenda
901 3945 992 4011 urbis
1009 3969 1061 4011 res
1078 3958 1300 4034 componeret.

148 4048 329 4116 Oleseldius
352 4064 384 4117 et
407 4051 538 4118 Giesius
562 4052 795 4137 Sandomiriaq
827 4053 949 4119 Ferber
980 4065 1012 4119 et
1034 4054 1164 4118 Proitua
1187 4054 1301 4119 Piotr-

147 4157 261 4222 coviae
284 4158 317 4222 in
343 4159 491 4224 custodia
513 4158 727 4245 habebantur,
758 4160 816 4225 sed
839 4171 906 4225 tam
930 4160 1057 4227 liberali
1085 4171 1181 4247 atque
1204 4182 1299 4226 eom·

146 4262 254 4348 moda,
276 4275 313 4329 ut
335 4265 479 4354 Royzius
502 4267 597 4332 novis
620 4267 821 4333 carminibus
845 4267 1055 4333 inveheretur
1086 4268 1120 4331 in
1147 4288 1220 4332 eam
1243 4269 1300 4333 in·

145 4368 356 4456 dulgentiam,
380 4394 462 4459 quae
485 4372 637 4440 Olefeldii
659 4373 793 4439 talheris
818 4374 1001 4458 deberetur,
1024 4374 1299 4462 praedicaretque

144 4475 255 4542 laesae
278 4478 420 4544 iustitiae
441 4480 549 4566 ipsum
572 4482 681 4545 Deum
705 4503 897 4546 succurrere
921 4480 1066 4566 ultorem,
1089 4481 1145 4568 qui
1168 4481 1299 4548 interea
