3016 5310
430 483 605 551 Thesauris
628 507 805 573 gaaamque
829 508 957 551 omnem
979 484 1198 572 pallentiaque
1221 507 1307 570 aera,

431 591 552 679 Ingens
576 601 756 678 argentum,
779 614 895 657 aurum
918 592 1044 678 ingens,
1066 591 1213 678 ingentia
1234 591 1334 679 longo

430 700 607 765 Asservata
630 722 710 764 aevo
733 722 935 786 gemmarum
957 698 1125 787 pondera¹
1147 721 1273 785 cernas,

348 827 397 870 as.
426 806 637 892 Intextasqus
660 828 740 871 auro
762 805 852 890 telas,
875 806 1076 894 gemmisque
1098 807 1258 872 micantes

430 911 606 978 Immixtis:
630 913 760 998 stringit
784 923 988 999 spectantum
1010 912 1136 977 lumina
1157 911 1276 998 fulgor.

518 1018 588 1083 Neo
611 1019 719 1083 nimus
742 1020 897 1085 austriaci
927 1041 1076 1106 proceres
1105 1040 1321 1106 proceresque
1342 1018 1447 1106 poloni

430 1125 559 1190 Interea
581 1148 662 1211 gaza
684 1136 844 1192 exornant
867 1149 901 1192 se
923 1126 1033 1209 divite,
1056 1126 1141 1191 laeto

430 1231 564 1316 Murice,
588 1232 740 1298 candenti
764 1243 897 1319 argento
920 1233 1076 1321 fulvoque
1098 1232 1238 1318 metallo,

349 1360 397 1403 so.
428 1338 510 1403 Esse
532 1340 595 1404 rati
618 1340 763 1426 dignum,
785 1349 868 1404 totas
891 1340 1057 1407 effundere
1079 1341 1167 1405 vires

431 1444 579 1524 Quantas
602 1448 738 1534 quisque
760 1456 873 1533 potest,
896 1470 1027 1533 unaque
1049 1446 1221 1512 absumere
1243 1445 1318 1512 luce

430 1551 485 1615 Ad
508 1554 595 1639 regis
618 1552 719 1618 decus
743 1562 775 1618 et
796 1553 912 1618 taedae
934 1553 1053 1639 regalis
1075 1553 1240 1639 honorem,

430 1658 572 1723 Divitias
595 1682 773 1746 gazamque
796 1683 933 1745 omnem,
957 1671 1054 1746 atquc
1074 1658 1271 1747 profundere
1293 1659 1405 1723 vitam.

519 1766 591 1830 Iam
614 1777 724 1830 natam
747 1767 919 1831 austriacis
942 1790 1001 1831 rex
1022 1765 1251 1832 Ferdinandus
1275 1766 1316 1830 ab
1342 1767 1406 1830 oris

390 1922 396 1935 .
429 1872 623 1938 Sarmatiam
645 1874 688 1938 ad
711 1898 864 1961 magnam
887 1886 984 1961 pacta
1007 1874 1048 1939 ad
1071 1874 1234 1941 conubia²
1256 1875 1366 1959 mittit,

431 1978 538 2058 Quam
560 1979 682 2044 multus
706 1982 878 2046 comitatur
900 1981 1011 2066 honos,
1033 2004 1133 2068 quam
1155 1980 1316 2069 plurimus
1338 1979 1434 2045 heros

432 2085 474 2149 Et
497 2085 599 2151 nitido
622 2087 718 2173 longe
741 2087 903 2174 fulgentes
927 2111 1000 2153 aare
1024 2099 1180 2154 catervae.

519 2193 615 2257 Illam
639 2217 715 2259 cara
738 2217 855 2280 parens
879 2218 898 2258 a
922 2218 955 2260 sc
978 2195 1146 2260 discedere
1169 2204 1300 2278 maeret,

431 2299 473 2363 Et
496 2298 639 2385 longum,
665 2324 757 2386 „mea
780 2312 865 2386 nata,
888 2301 970 2387 vale,
993 2302 1098 2387 vale“‚
1120 2302 1235 2389 inquit,
1259 2310 1391 2367 euntem

390 2456 395 2469 .
429 2406 602 2493 Amplexa3
629 2407 691 2493 „i“‚
714 2407 921 2496 lacrimisque
944 2431 1048 2495 genae
1070 2407 1225 2473 maduere
1245 2407 1389 2472 subortis

431 2513 470 2576 ln
494 2512 601 2577 verbo.
633 2515 794 2578 Tenerum
818 2517 931 2580 matris
953 2525 1070 2580 testata
1094 2515 1238 2580 dolorem

432 2619 501 2706 „I“,
522 2621 638 2707 inquit,
664 2621 783 2708 „digno
806 2624 876 2708 regi
900 2622 1054 2688 socianda
1077 2621 1224 2709 polono“.

431 2727 504 2791 Hoc
527 2737 558 2791 et
581 2727 668 2792 idem
692 2729 817 2793 faciunt
841 2731 946 2794 sociae
969 2728 1188 2816 pulchraeque
1212 2750 1348 2794 sorores.

430 2834 461 2897 It
483 2835 593 2920 portis,
617 2857 734 2898 aurora
756 2834 837 2899 altos
862 2858 937 2900 cum
959 2835 1083 2901 lumine
1105 2846 1230 2900 montes

350 2960 397 3003 as.
429 2940 594 3027 Respersit
617 2942 681 3006 late
707 2953 738 3006 ct
761 2942 850 3008 caelo
874 2944 954 3007 nitet
978 2966 1089 3025 aurea3
1112 2953 1231 3007 matres

430 3047 526 3112 Flent
549 3048 769 3113 discedentem
792 3050 981 3135 austriacae,
1004 3051 1224 3136 innuptaeque
1246 3049 1387 3136 puellae,

430 3153 589 3240 Ooniugio
613 3166 644 3219 et
667 3154 724 3218 tali
747 3157 868 3241 pariter
890 3155 1052 3220 lactantur
1074 3155 1215 3240 eaedem,

430 3261 570 3325 Laetitia
593 3271 624 3326 et
647 3285 772 3326 maeror
795 3262 891 3327 robus
915 3265 1092 3328 miscentur
1113 3264 1149 3327 in
1171 3262 1296 3328 iisdem

520 3367 574 3431 Illi
597 3368 755 3434 Cracovia
778 3370 896 3432 missus
918 3369 1136 3434 Macioschius
1159 3368 1263 3454 heros,

349 3495 396 3537 so.
429 3473 534 3552 Quem
558 3474 659 3539 bifida
681 3478 716 3540 in
739 3478 835 3540 mitra
857 3487 1031 3541 veneratur
1050 3477 1187 3542 Plozca⁸
1211 3474 1362 3562 colitque,

431 3580 557 3647 Obvius
580 3584 614 3667 it,
639 3584 745 3669 specie
768 3593 842 3648 ante
866 3583 946 3648 alios
969 3582 1207 3670 pulcherrimus
1231 3605 1344 3647 omnes

432 3686 648 3774 Sauromatas,
672 3689 767 3776 longo
792 3713 872 3777 quos
896 3691 1012 3754 circuit
1036 3688 1139 3754 Istula
1162 3690 1263 3755 flexu:

433 3917 441 3946 ¹
462 3919 531 3969 Edit.
554 3920 713 3984 „pondere“·

433 4004 442 4033 ²
462 4007 531 4057 Edit.
554 4010 731 4074 „connubia“,
751 4016 781 4059 ut
800 4010 880 4075 vulgo
899 4010 970 4075 apud
990 4009 1127 4074 Royzium.

432 4092 442 4122 ¹³
462 4096 538 4146 Unde
558 4105 632 4162 patet
650 4098 799 4149 Samuelem
820 4098 1003 4164 Macisjowski
1027 4099 1081 4148 iam
1103 4114 1127 4148 a.
1149 4095 1217 4152 1543
1235 4097 1392 4164 episcopum
1412 4102 1473 4152 Plo·

322 4202 429 4238 censam
449 4186 532 4237 fuisse
551 4188 707 4247 (secundum
727 4187 944 4239 Sobieszozaiiski
964 4191 1028 4239 Euo.
1049 4204 1114 4253 pow.
1134 4189 1169 4240 ab
1189 4203 1258 4239 anno
1278 4186 1367 4253 1M‘2),
1388 4190 1474 4242 falso·

321 4294 372 4342 quo
392 4276 530 4326 Gamsium
549 4277 646 4338 (Series
667 4279 859 4342 episcoporum)
879 4295 902 4328 a.
923 4278 1027 4328 demum
1042 4274 1112 4328 last
1125 4277 1293 4328 llaceovium
1310 4278 1474 4345 episcopum

321 4365 476 4415 Plocensem
496 4366 597 4416 sactum
617 4382 674 4416 esse
694 4367 835 4418 memorias
855 4366 1010 4431 prodidisse.
