3016 5310
523 131 680 165 enarrarre.
1139 118 1178 166 Xl

28 324 92 387 mis
116 323 328 409 antiquarum
352 321 533 387 litterarum
558 320 738 387 cultoribus
769 344 865 410 saepe
896 324 1119 410 impugnatam
1147 337 1178 390 et

27 431 172 514 irrisam,
195 428 239 493 ad
255 427 410 494 historica
426 428 640 494 fundamenta
655 428 885 516 laetioremque
902 428 967 494 stili
983 429 1177 516 elegantiam

29 546 261 620 revocaverat,
293 559 398 622 neque
422 534 526 600 solum
551 535 698 621 singulas
722 536 803 600 iuris
826 537 1030 623 quaestiones
1054 537 1178 603 idoneis

26 644 241 730 antiquorum
278 643 471 729 scriptorum
508 641 590 708 loeis
625 642 811 707 intexendis
846 645 936 729 quasi
969 643 1113 709 flosculis
1143 645 1176 707 in

29 749 308 836 praelectionibus
332 750 400 813 suis
423 748 611 833 exornabat,
636 748 813 814 sedetiam
837 751 906 836 ipse
931 752 1077 836 poeticen
1094 750 1178 815 cole-

31 857 83 922 bat
108 869 344 944 praestansque
368 868 461 944 pocta
486 855 575 920 illius
598 857 672 921 aevi
695 856 857 921 audiebat.
896 859 1037 923 Pronum
1068 867 1176 923 autem

28 963 205 1050 habileque
236 963 278 1027 ad
309 965 421 1050 poesin
452 976 522 1028 erat
553 963 668 1052 Royzii
701 963 870 1048 ingenium
894 964 1095 1051 libenterque
1120 988 1179 1052 per

32 1094 126 1135 omne
150 1073 239 1136 vitae
263 1071 404 1157 spatium
428 1092 579 1135 aserere
596 1071 676 1134 iuris
692 1070 956 1156 interpretatione
972 1071 1014 1135 ad
1032 1073 1178 1136 carmina

33 1176 205 1264 pangenda
229 1176 441 1260 decurrebat,
466 1175 552 1242 unde
575 1175 699 1240 factum
724 1188 788 1261 est,
820 1187 855 1240 ut
879 1178 1036 1264 singulari
1060 1180 1178 1265 pietate

32 1283 312 1370 admirationeque
334 1285 369 1346 in
385 1284 550 1348 Aloiatum
576 1283 716 1349 serretur
740 1306 878 1370 eumque
902 1283 962 1348 sibi
984 1284 1176 1349 imitandum

37 1402 242 1477 proponeret,
273 1392 328 1477 qui
359 1391 442 1456 iuris
474 1392 643 1457 scientiam
676 1414 751 1455 cum
779 1413 945 1455 musarum
969 1393 1175 1478 antiquarum

37 1496 120 1562 cultu
146 1500 410 1564 consociavisset
450 1500 500 1563 Ae
524 1522 600 1563 cum
625 1510 795 1584 expertum
827 1521 897 1563 esse
928 1499 1087 1588 Royzium
1112 1499 1177 1562 ianr

42 1603 69 1666 iu
89 1605 253 1692 Hispania
268 1607 356 1670 vires
380 1628 457 1670 suas
478 1606 512 1669 in
529 1605 730 1670 carminibus
747 1604 929 1669 scribendis
945 1604 1036 1669 nulla
1051 1618 1178 1669 exstent

44 1713 233 1797 testimonia,
264 1714 299 1776 in
331 1712 427 1778 Italia
458 1736 534 1776 mox
566 1712 715 1776 hortante
749 1713 817 1798 ipso
842 1710 971 1776 Aleiato
999 1713 1177 1776 innotuisse

48 1839 142 1882 musas
166 1820 237 1884 eius
260 1819 412 1884 audimus
437 1830 584 1905 poemate
608 1817 747 1904 quodam
773 1822 813 1901 (a.
840 1819 937 1900 1538)
961 1819 1178 1905 epigramma-

51 1927 146 2011 tisque
171 1949 254 2012 quae
278 1927 438 2013 imprimis
462 1927 496 1989 in
521 1924 721 1989 blatthaeum
739 1927 897 2008 Curtium,
923 1924 1082 1990 celebrem
1099 1938 1178 1990 tuno

53 2032 196 2097 medicum
220 2033 475 2115 Bononiensem,
500 2032 683 2118 scripsisset
707 2033 888 2118 partimque
912 2033 1000 2119 typis
1024 2055 1178 2119 expressa

55 2138 79 2200 iu
95 2139 259 2226 publicum
284 2139 448 2204 edidisset.

140 2248 230 2312 Inter
253 2248 376 2312 amieos
399 2247 516 2335 Royzii
539 2245 721 2310 excellebat
752 2246 812 2309 hoo
843 2258 985 2332 temporo
1015 2248 1176 2310 Antonius

56 2353 239 2439 Augustinus
255 2356 465 2441 Saragossius
482 2357 581 2433 (1517
592 2393 618 2400 -
634 2355 739 2437 1586),
763 2356 815 2440 qui
832 2365 944 2440 postea
960 2353 1177 2440 archicpisco-

56 2479 101 2540 pus
120 2463 356 2526 tarraconensis
381 2462 452 2525 fuit.
490 2462 524 2525 Is
556 2473 588 2526 ct
619 2463 686 2547 ipse
715 2473 782 2524 tum
808 2463 953 2524 earmina
977 2462 1121 2547 scripsit.
1145 2475 1176 2524 et

58 2562 152 2632 deinde
175 2568 270 2633 libris
290 2568 404 2651 doctis,
427 2569 617 2655 praesertim
635 2568 676 2631 ad
693 2567 923 2654 epigrapbieen
940 2568 1176 2654 pertinentibus

58 2671 194 2740 inclaruit.
233 2675 393 2764 Royzium
418 2688 473 2740 aut
496 2678 561 2739 iam
586 2677 618 2739 in
644 2676 818 2762 Hispania,
843 2687 912 2760 aut,
938 2675 971 2738 id
995 2674 1080 2761 quod
1105 2676 1174 2738 veri

58 2778 173 2846 similius
196 2795 254 2867 est,
279 2793 348 2846 tum
365 2785 507 2871 primum
526 2785 690 2869 cognitum
709 2782 789 2846 adeo
805 2782 1014 2846 adamaverat
1031 2782 1177 2866 tantique

57 2883 191 2973 faciebat,
220 2902 255 2954 ut
278 2891 312 2954 in
337 2889 476 2976 dialogis
500 2891 567 2953 suis
591 2891 624 2952 in
649 2890 814 2976 publicum
840 2890 934 2953 editis
959 2891 1065 2976 ipsum
1090 2888 1177 2952 diffi-

56 2990 172 3061 cillimas
195 2999 277 3062 iuris
301 2998 506 3083 quaestiones
530 2996 761 3061 dissolventem
787 2996 960 3060 induxerit.
993 2996 1176 3081 Mansitque

58 3095 171 3167 duorum
195 3105 341 3168 virorum
366 3102 594 3168 excellentium
620 3104 764 3167 trurioitia
781 3104 875 3167 etiam
895 3117 972 3186 tum,
997 3125 1069 3166 cum
1088 3102 1176 3190 Roy-

57 3205 108 3270 zius
128 3211 159 3274 in
183 3211 350 3276 Poloniam
376 3212 517 3295 secessit,
542 3212 746 3295 Augustinus
765 3233 842 3274 vero
866 3210 1031 3295 aliquanto
1056 3220 1126 3295 post
1142 3210 1174 3271 in

58 3309 227 3401 Hispaniam
251 3319 394 3400 revertit,
419 3319 533 3382 erebro
557 3317 768 3404 epistularum
792 3317 1011 3402 librorumque
1029 3316 1113 3378 ultro
1130 3317 1176 3379 ei-

56 3424 147 3508 iroque
170 3426 343 3489 missorum
368 3426 562 3489 commercio
587 3436 773 3487 sustentata.
797 3425 947 3490 Ceterum
971 3423 1113 3511 Royzius
1137 3446 1175 3486 ca

58 3540 109 3590 eut
128 3532 250 3618 ingenii
274 3532 383 3596 indole
402 3555 503 3617 eaque
520 3531 687 3596 doetrinae
704 3533 795 3617 copia
812 3530 1068 3616 liberalitateque
1085 3552 1177 3616 prae-

56 3628 134 3701 ditus.
156 3650 190 3703 ut
213 3640 248 3702 in
273 3638 369 3703 ltalia
392 3640 536 3703 omnium
560 3641 686 3702 animos
704 3637 801 3703 facile
818 3638 878 3701 sibi
897 3637 1093 3722 conciliaret,
1118 3638 1177 3699 im-

59 3740 149 3820 primis
173 3769 250 3810 vero
274 3747 409 3810 iuvenes
434 3746 587 3810 scientiae
611 3746 724 3809 avidos
755 3745 796 3807 ad
822 3768 856 3809 se
880 3744 1020 3809 traheret
1043 3745 1102 3826 ita,
1134 3757 1177 3819 ut,

59 3865 236 3938 quocumque
251 3852 424 3938 incederet,
445 3853 681 3940 disputatorum
698 3855 907 3937 omnigenum
924 3851 1019 3936 globo
1036 3852 1176 3915 eircum-

10 4026 12 4043 Ι
60 3947 176 4023 daretur.
213 3961 286 4040 Quo
311 3960 343 4022 in
368 3982 502 4024 numero
526 3961 622 4024 etiam
647 3958 802 4035 Polonos,
835 3960 971 4023 fortasse
998 3960 1174 4022 Martinam

58 4053 221 4129 Crumerum
240 4065 501 4151 Stanislaumque
514 4065 727 4132 Oriehovium
744 4067 853 4150 fuisse,
871 4090 943 4130 rum
960 4066 1174 4130 demonstrari

60 4182 180 4257 nequeat,
202 4185 311 4238 tamen
334 4183 383 4237 est
407 4174 477 4238 veri
502 4172 616 4237 simile.
651 4174 736 4237 Nam
761 4175 923 4238 Bononiae
947 4174 1008 4238 boc
1032 4186 1176 4260 tempore
