2948 5302
440 473 643 509 rrrrurrmurr
662 471 839 507 nanrvruours.
1163 456 1205 520 ’Π

461 544 632 551 ...-.-..-...,.-.
838 542 1206 550 -η--ῇ-

448 557 488 562 -.
500 556 594 563 ...--.-
611 556 760 562 --.----.
771 554 989 562 --—.-·———-
1049 554 1204 562 ——

177 666 400 756 Sardonyehes
423 678 455 732 et
477 666 598 731 densus
621 690 712 755 onyx
735 668 895 750 mixtique
918 665 1091 752 smaragdi.

261 773 394 862 Hymen
418 772 514 838 dnlee
535 773 604 857 tibi,
628 797 646 837 0
670 772 801 861 hymen,
824 771 984 855 Radivi10,
1008 784 1154 838 canatur.

174 879 297 944 Felices
320 878 463 965 thalami,
487 879 595 944 felieia
619 879 750 944 foedera
773 879 848 944 leeti

110 1030 121 1043 .
170 984 280 1070 Sunto,
303 986 512 1072 rixarumque
534 999 567 1051 et
590 1008 719 1050 amarae
741 987 851 1050 nescia
874 985 948 1049 litis.

172 1089 267 1170 Quod
290 1093 350 1177 vis,
373 1091 435 1157 hoe
458 1094 579 1157 eoniux
602 1092 693 1174 velit3
717 1103 748 1157 et
770 1104 805 1155 tu
831 1093 946 1158 feeeris
971 1091 1061 1176 illud,

169 1195 265 1276 Quod
288 1200 378 1285 eupit
400 1198 494 1281 haee,
518 1200 688 1284 sooiusque
712 1200 773 1263 tori
797 1201 842 1263 sis
865 1221 990 1282 aequus
1013 1199 1119 1283 amiei,

171 1304 243 1368 Non
267 1304 426 1370 dominus
450 1306 598 1391 Namque
622 1328 687 1370 una
710 1328 794 1381 rare,
818 1328 893 1369 nam
918 1306 1050 1391 spiritus
1075 1305 1163 1370 idem

173 1411 264 1475 Voee
286 1413 338 1476 vir
361 1434 401 1476 ae
425 1434 508 1476 uxor
530 1411 643 1476 divina
666 1423 697 1477 et
721 1412 848 1498 legibus
871 1414 957 1496 estis,

107 1539 129 1575 ι.
170 1516 328 1596 Quamvis
351 1519 588 1605 imperiumque
611 1520 682 1583 viro
705 1530 736 1584 et
759 1519 930 1583 tradantur
952 1517 1107 1602 habenae,

172 1623 291 1688 Reetor
313 1635 348 1688 ut
371 1625 426 1689 ille
448 1624 564 1688 domus
588 1636 619 1689 et
642 1647 702 1690 eeu
725 1625 900 1689 Palinurus
924 1627 957 1689 in
982 1624 1079 1689 undis

171 1729 255 1795 Vela
278 1741 369 1818 regat
391 1733 589 1818 puppimque
612 1733 697 1796 notis
720 1743 751 1797 et
775 1731 929 1797 fluetibus
952 1742 1048 1818 aptet.

263 1838 394 1926 Hymen
419 1838 516 1902 dulee
539 1837 608 1924 tibi,
631 1862 650 1902 o
673 1838 804 1928 hymen,
827 1837 987 1920 Radivilo,
1011 1848 1168 1902 canaan.-

173 1943 260 2030 Ergo
283 1945 345 2008 viri
368 1945 489 2009 eoniux
514 1968 577 2008 non
601 1947 789 2032 experiatur
812 1944 929 2009 aeerba

106 2060 137 2108 ⁵.
170 2049 310 2136 Imperia
333 2051 550 2138 indignusque
574 2053 687 2136 minas,
712 2075 776 2116 non
799 2052 904 2116 tristia
927 2050 1036 2136 verba,

173 2156 320 2244 Corrigat
343 2168 504 2223 errantem
530 2159 626 2223 dietis
650 2182 713 2222 nen
738 2180 832 2245 asper
855 2159 977 2222 amieis.

172 2263 233 2328 Illa
257 2266 364 2329 virum
387 2265 494 2330 foeilis
520 2266 724 2351 monitusque
748 2265 902 2329 exaudiat
925 2264 1018 2347 ultre,

172 2370 267 2434 Iussu
291 2383 420 2436 assueta
442 2373 569 2458 virique
593 2374 742 2438 resistere
765 2374 875 2437 neseis
898 2372 1003 2436 dietis.

172 2476 244 2540 Non
268 2489 393 2559 eontre3
417 2479 541 2564 primae
564 2480 687 2544 foetum
712 2479 843 2543 erudele
866 2479 1009 2564 parentis

106 2594 142 2643 to,
172 2583 239 2646 Nos
263 2595 379 2649 monet.
407 2585 488 2670 Eva,
512 2585 633 2649 malum
657 2586 754 2650 stulto
777 2584 931 2650 exaudito
955 2585 1078 2669 mente,

173 2689 278 2776 Seque
301 2692 472 2778 sirumque
496 2714 591 2756 suum
615 2702 646 2757 et
669 2693 819 2758 mortales
842 2691 983 2779 perdidit
1007 2713 1128 2776 omnen,

172 2795 366 2883 Adieeitque
389 2799 469 2862 viris
492 2821 591 2864 eanos
614 2821 776 2886 rugasque
800 2800 925 2882 seniles,

173 2901 399 2990 Oeeasumque
422 2907 504 2989 aevi,
528 2907 653 2970 senium
678 2928 775 2969 saeva
799 2905 906 2969 attulit
930 2917 1026 2991 atque

176 3008 361 3075 Immortale
384 3014 465 3075 mori
489 3012 566 3077 feeit
589 3036 700 3098 genus,
725 3014 852 3097 imaque
876 3011 968 3075 nohis

106 3133 142 3176 rs.
172 3114 308 3180 Tartara
331 3118 463 3182 reelusit
487 3119 657 3205 eaelosque
680 3131 711 3183 et
735 3119 841 3182 sidera
865 3117 989 3182 elausit.

264 3222 395 3310 Hymen
420 3224 516 3289 dulee
539 3225 607 3309 tibi,
632 3250 650 3289 o
673 3225 804 3312 hymen,
828 3222 988 3308 Radivilo,
1011 3231 1156 3286 eanutur.

175 3328 261 3392 Eeee
285 3342 381 3393 vocat
405 3353 532 3394 mensas
557 3356 613 3394 vos
638 3330 878 3395 arehitrielinus
902 3330 942 3392 nd
967 3329 1057 3412 altas,

174 3434 346 3522 Tympana
369 3438 463 3522 pulsa
486 3450 609 3520 serrant,
634 3437 784 3501 manibus
808 3436 886 3499 dant
910 3459 1007 3499 aurea
1031 3432 1182 3522 lymphas

174 3542 264 3605 Vasa
287 3543 449 3629 draeeque
472 3545 583 3631 hieeps
606 3546 735 3630 gemino
758 3545 858 3606 veniit
882 3565 935 3605 ore
959 3542 1107 3626 liquores.

105 3665 141 3708 ιο.
175 3647 343 3734 Perpetuis
367 3650 440 3714 laeti
467 3673 615 3736 proeeres
639 3650 821 3715 {recumbite
844 3649 972 3730 mensis,

176 3754 364 3819 Exhilarute
388 3758 449 3820 viri
475 3758 575 3820 multo
599 3758 747 3821 eonrivin
771 3754 902 3819 baeeho

178 3861 247 3925 Hoe
272 3864 381 3948 sponsi
405 3866 548 3949 eupiunt,
573 3864 633 3927 hoe
658 3886 794 3947 magnus
819 3860 956 3945 postulat
982 3859 1096 3943 hospes

176 3967 358 4031 Tarnovius
383 3993 493 4033 mensa
517 3982 548 4033 et
572 3993 667 4032 (arras
692 3968 802 4054 preeul
827 3989 896 4031 esse
920 3965 1069 4028 molestas

176 4074 295 4138 Fronte
319 4079 396 4161 petit
421 4078 517 4140 laeta:
542 4077 653 4162 proeul
678 4099 754 4158 ergo
778 4073 885 4159 pellite
909 4094 1012 4135 errras.

107 4198 144 4241 ¹⁵.
265 4183 397 4270 Hymen
422 4184 517 4246 dnleo
541 4184 609 4265 tihi.
634 4210 651 4245 o
676 4182 805 4269 hymen,
829 4178 988 4260 llndivilo,
1013 4187 1156 4241 eruuntur.

177 4287 347 4352 Sannatiei
374 4313 521 4375 proeeros
546 4300 575 4353 et
600 4302 633 4351 tu
659 4309 793 4373 qnoque,
817 4295 957 4348 sarmata
981 4283 1091 4369 pubes,

176 4394 360 4459 Concordes
384 4408 491 4482 optato
514 4409 597 4458 toros
622 4406 652 4459 et
677 4394 741 4457 litis
764 4392 894 4476 iniquae

178 4501 346 4588 Expertes,
370 4527 434 4588 pax
459 4525 572 4587 perpes
595 4514 655 4583 eut,
679 4502 743 4563 sint
767 4499 872 4583 iurgia
896 4518 1069 4580 nunquam.

1060 4826 1348 4977 A
