3016 5310
180 655 444 741 Argumentandi
468 657 550 719 ratio
573 654 712 742 pulchra
734 655 793 720 illa
815 655 982 740 triformis,

181 763 319 848 Effigies
342 764 444 827 ternis
467 785 572 827 nexus
595 763 721 827 imitata
743 763 867 849 figuris,

131 893 146 934 ฮน.
182 870 339 936 Extremo
361 869 519 934 discenda
541 869 621 954 loco,
645 880 852 954 extremoque
874 868 994 934 labore.

181 977 248 1043 Hic
271 999 340 1062 ego,
362 987 394 1041 te
417 975 603 1062 multusque
628 976 844 1062 frequensque
866 985 1016 1042 exerceat
1039 998 1128 1061 usus,

182 1082 341 1169 Optarim,
365 1083 552 1168 fractaeque
575 1082 641 1147 alta
664 1083 706 1147 ad
729 1082 894 1169 laquearia
916 1104 1012 1148 voces

181 1190 447 1277 Congressusque
470 1191 556 1254 inter
577 1190 737 1276 pugnacis
760 1189 882 1276 proelia
904 1189 1044 1275 linguae.

182 1296 292 1361 Altius
314 1296 396 1362 haec
419 1298 528 1361 animo
550 1308 586 1362 ut
610 1297 690 1380 figas
714 1307 746 1362 et
769 1296 918 1361 sensibus
940 1297 1024 1380 imis,

131 1427 148 1468 s.
184 1403 351 1492 Quicquid
374 1406 508 1491 agisque
532 1427 704 1491 negasque,
729 1405 763 1467 in
786 1413 879 1467 notas
902 1425 982 1489 coge
1004 1403 1126 1488 figuras

181 1511 442 1596 Monstratosque
465 1511 586 1595 modos,
610 1513 682 1597 quis
706 1510 818 1575 fallere
841 1511 970 1575 nescius
994 1509 1085 1590 ordo,

180 1615 377 1703 Castigaque
400 1639 516 1702 moras,
540 1616 725 1705 sollersque,
747 1617 899 1683 licentius
922 1626 1030 1681 errent

181 1724 232 1788 Ne
256 1746 329 1810 qua,
353 1746 445 1805 cave3
468 1747 643 1812 properum
667 1747 766 1789 cursu
790 1747 872 1811 quae
896 1722 1008 1788 fallere
1032 1731 1177 1809 possent,

183 1831 275 1896 Haec
299 1854 413 1895 rursus
436 1841 503 1895 tota
526 1833 654 1918 penitus
679 1854 834 1918 compage
858 1830 963 1895 soluta

131 1966 148 2001 r.
183 1938 393 2024 Disrumpas3
417 1937 566 2025 disrupta
589 1950 620 2003 et
645 1938 783 2002 formam
807 1948 906 2002 exuta
928 1939 1069 2023 priorem

182 2045 359 2110 Diveraam
382 2044 501 2110 faciem
524 2045 717 2132 diversaque
740 2046 873 2109 iusseris
897 2067 953 2108 ora

181 2152 337 2233 Induere3
359 2151 485 2240 hocque
508 2154 627 2218 iterum
650 2153 765 2234 facias3
788 2153 956 2237 versisque
979 2151 1082 2236 fatiga

183 2258 320 2346 Saepius
343 2260 377 2323 in
400 2261 530 2323 varium
553 2260 707 2324 membris
731 2270 761 2324 et
786 2281 919 2345 corpore
941 2268 1016 2342 toto,

181 2368 273 2431 Dum
295 2366 384 2452 leges
404 2377 435 2432 et
458 2367 531 2431 iura
555 2367 674 2451 sinunt,
697 2366 814 2453 quibus
838 2365 894 2429 illa
917 2374 1075 2430 tenentur.

131 2496 150 2538 3.
184 2473 277 2539 Haec
300 2474 395 2538 toties
418 2475 540 2560 agitata
563 2484 656 2537 tuum
678 2474 920 2559 promptissima
942 2482 1058 2536 nutum

181 2579 270 2647 Olim
294 2591 408 2668 sponte
430 2604 490 2644 sua
512 2604 577 2644 non
603 2590 789 2667 exspectata
813 2589 1000 2665 sequentum

183 2685 227 2752 Ol
251 2688 377 2774 quoties
399 2687 475 2752 olim
500 2687 619 2751 dicturi
644 2710 679 2752 se
702 2688 819 2751 inferet
842 2687 889 2750 ori

184 2793 370 2859 Verborum
392 2796 490 2860 series
514 2794 586 2858 illas
610 2793 725 2857 induta
747 2794 869 2878 figuras

183 2902 292 2989 Atque
314 2901 440 2966 modos!
464 2900 544 2965 adeo
568 2902 602 2964 in
627 2901 753 2964 cunetis
778 2921 963 2964 assuescere
986 2920 1142 2983 magnum
1159 2904 1222 2961 est.

133 3028 154 3070 a
187 3009 250 3072 His
272 3018 305 3072 te
329 3008 408 3072 dum
431 3030 571 3091 exerces,
594 3030 709 3072 verum
734 3046 773 3054 -
799 3006 981 3070 reverentia
1005 3005 1073 3069 veri

187 3116 309 3201 Magna
331 3114 391 3179 tibi
415 3137 549 3201 semper,
571 3154 615 3161 -
639 3114 743 3178 bonus
767 3112 852 3176 ultro
873 3134 1022 3176 assuesce
1045 3110 1138 3194 tueri,

185 3223 227 3286 Et
252 3220 335 3285 falso
358 3221 475 3285 studiis
498 3222 668 3286 inimicum
691 3232 723 3284 te
747 3220 839 3284 obice
862 3219 945 3302 totis,

186 3330 228 3393 Et
251 3351 366 3393 verum
388 3329 497 3392 firmes
522 3328 607 3392 idem
632 3326 815 3412 falsumque
838 3325 976 3390 refellas.

184 3436 362 3520 Legitimos
385 3436 527 3500 tenuisse
551 3435 662 3498 modos
686 3435 851 3520 iustasque
874 3433 996 3517 figuras

134 3559 155 3603 s.
187 3542 306 3629 Satque
331 3565 490 3629 superque
514 3542 586 3620 tibi3
611 3552 718 3604 tamen
743 3549 786 3624 ut,
811 3561 893 3624 quae
915 3537 1056 3624 plurima
1080 3559 1163 3600 vero

185 3651 354 3735 Apparent
376 3650 480 3736 primo
504 3648 618 3712 obtutu
643 3648 815 3729 centraria,
838 3667 983 3731 quaeque

185 3757 422 3843 Instructisque
446 3755 528 3820 dolis
548 3755 722 3819 verborum
745 3764 777 3818 et
800 3752 914 3816 fraude
938 3760 1065 3838 reperta

185 3863 297 3927 Insani
321 3863 484 3928 obiectant
507 3873 538 3926 et
562 3885 641 3948 quos
665 3858 751 3923 mala
774 3870 872 3923 vexat
895 3860 1027 3945 Erinys,

185 3970 289 4034 Nosse
312 3993 410 4055 queas
435 3970 582 4056 notisque
606 3967 688 4031 dolis
712 3978 743 4032 et
767 3967 882 4030 fraude
905 3964 1045 4048 refellaS,

135 4096 156 4136 a.
188 4078 238 4161 Et,
262 4100 345 4163 quae
368 4075 451 4141 falsa
475 4085 589 4161 tegunt
613 4077 793 4160 faciemque
818 4072 982 4136 simillima
1004 4072 1101 4155 veris,

186 4182 292 4247 Nullis
317 4192 348 4248 tc
372 4183 508 4268 insidiis,
532 4182 621 4246 nullo
645 4192 676 4246 te
700 4181 842 4266 tegmine
866 4178 993 4242 fallant:

186 4291 324 4355 Nectere
347 4289 490 4375 fallaces,
514 4312 623 4354 rerum
646 4287 735 4351 haud
757 4288 900 4372 ignarus,
924 4283 1074 4349 elenchos

191 4519 197 4546 ยน
217 4521 261 4570 Sic
281 4521 308 4569 in
328 4537 389 4570 mss.
