3016 5310
315 418 382 485 290
797 436 874 471 rrrrr
893 435 982 471 sorau

481 519 635 526 —-.—.-
671 506 832 524 ¹·-.·—‘·...
862 520 866 524 .
894 519 923 524 -.
948 520 965 525 .-
991 506 1464 529 -.-.--=-—-Zz=

422 631 567 717 Aspectu
591 628 740 717 prohibet
761 628 885 717 legatos
909 628 1010 715 urbis,
1033 629 1163 695 eosdem

474 737 521 802 Ut
543 735 713 824 prohibere
737 736 827 801 aditu
851 756 916 801 non
940 745 1030 824 putet
1052 758 1122 802 essa
1146 738 1234 802 satis.

342 865 388 909 rs.
420 842 502 909 Inde
525 865 617 909 escas
639 854 757 930 petere
781 852 838 909 cut
859 866 924 930 quo
947 866 982 909 sc
1004 843 1076 908 sitis
1098 842 1193 908 arida
1216 843 1315 928 sedet,

475 949 565 1016 Gens
588 960 674 1036 trux,
698 951 859 1034 immanis,
881 972 962 1039 gens
985 949 1170 1016 truculenta
1193 960 1292 1016 vetat.

423 1056 556 1122 Haecne
579 1067 628 1122 est
651 1055 709 1121 illc
731 1055 820 1141 fides,
843 1057 993 1143 Auguste
1016 1056 1126 1122 debita
1149 1056 1240 1144 regi?

476 1164 549 1228 Non
574 1162 706 1253 Scytha,
728 1185 795 1228 non
819 1162 920 1229 faciat
942 1162 1103 1229 barbarus
1125 1163 1190 1229 ista
1212 1162 1323 1231 Getes.

423 1268 568 1336 Consilia
590 1270 625 1334 in
649 1268 766 1335 melius
789 1269 909 1335 referat
930 1292 983 1335 me
1006 1279 1082 1336 vate
1105 1280 1246 1357 senatus,

339 1396 388 1441 ao.
471 1375 553 1441 Vult
576 1378 619 1463 ni,
643 1385 679 1442 ut
702 1386 851 1441 senatum
874 1375 1042 1465 postmodo
1064 1377 1236 1466 paeniteat.

877 1609 895 1658 1.

543 1765 588 1820 De
607 1764 830 1820 Gedanensium
849 1765 1020 1835 largitione
1038 1766 1077 1821 ad
1096 1765 1237 1822 Polcnos.

875 1908 901 1974 I.

419 2033 540 2098 Dentis
562 2034 713 2100 Dantisci
738 2034 778 2098 de
801 2034 887 2099 flavo
910 2032 1169 2101 donametallc1

474 2142 584 2228 Larga
607 2163 723 2207 manus
746 2151 898 2228 properat
921 2141 1050 2208 flectcre
1074 2143 1174 2208 corda
1197 2154 1337 2231 patrum.

419 2248 598 2327 Quaeritur
620 2270 688 2312 una
711 2248 800 2313 salus
824 2247 941 2313 danda
970 2248 1061 2315 Mala
1084 2273 1220 2315 munera
1243 2250 1348 2336 vobis,

474 2354 582 2434 Quam
604 2356 713 2441 pestis,
736 2378 834 2442 quam
858 2378 954 2441 mors,
977 2367 1053 2421 sunt
1076 2356 1249 2422 metuenda
1272 2359 1388 2445 magis.

363 2482 389 2525 c.
420 2460 567 2526 Flectere
590 2462 662 2527 vult
686 2484 766 2526 auro
789 2472 897 2549 patres
920 2460 1073 2527 malefida
1096 2484 1252 2551 propago:

476 2568 566 2632 Auro
589 2577 739 2655 tentetur,
764 2569 791 2632 si
814 2569 887 2656 quis
910 2592 1031 2634 avarus
1055 2571 1124 2634 crit.

423 2672 458 2739 Si
481 2674 536 2760 qui
561 2697 594 2739 se
617 2674 704 2740 flecti
728 2676 820 2760 sinet,
843 2674 899 2740 illc
924 2675 1092 2762 inglorius,
1115 2674 1171 2742 ilic

474 2780 547 2845 Non
571 2782 695 2868 patriae
718 2792 810 2867 pater
833 2793 890 2867 est,
914 2783 1052 2849 vitricus
1076 2792 1125 2848 est
1148 2785 1281 2870 patriae.

421 2887 567 2952 Vitricus
591 2897 639 2952 cst
662 2889 808 2976 patriae?
832 2887 911 2975 quid
934 2889 1095 2955 vitricus?
1117 2889 1220 2955 hostis
1243 2902 1357 2978 aperta

341 3015 387 3057 ιο.
470 2993 601 3080 Dignus
625 2996 679 3059 cui
703 3004 797 3084 styge
821 3018 898 3059 mox
920 2996 987 3060 ima
1010 2995 1157 3062 dehiscat
1179 2995 1308 3063 humus.

863 3190 907 3255 II.

422 3312 558 3402 Syllaba
580 3313 734 3379 Dantisci
759 3316 785 3379 si
809 3326 954 3380 extrema
976 3317 1184 3404 expungitur,
1208 3318 1287 3406 cius,

474 3419 571 3499 Quod
594 3430 702 3505 restat
727 3422 778 3487 vis
801 3430 849 3486 cst
872 3423 942 3508 regi
964 3423 1099 3488 inimice
1121 3446 1201 3489 meo.

868 3704 903 3738 m.

445 3828 492 3881 Ad
513 3827 660 3882 Polcnum
679 3828 717 3883 da
735 3828 869 3884 admisso
888 3828 1111 3884 Gedauensium
1130 3829 1325 3887 vindicando.

420 3953 492 4016 Fiet
515 3953 556 4019 ab
580 3964 760 4041 angustcne
783 3956 933 4041 Augusto
957 3956 1108 4043 angustia
1126 3957 1201 4043 regi

472 4060 624 4125 Dantisci
647 4060 787 4149 populo?
814 4071 914 4149 tuque
938 4062 1059 4128 Polcne
1082 4063 1188 4128 feres?

313 4237 519 4246 --———..

421 4315 429 4344 ¹
449 4318 520 4367 Mati.
542 4319 675 4383 „vitello“.
703 4321 818 4370 vitellus
838 4322 942 4387 propria
962 4323 1063 4372 luteum
1088 4321 1146 4372 ovis
1165 4322 1320 4388 significat3
1345 4314 1390 4375 hic
1413 4328 1447 4372 tt·

312 4420 373 4454 men
393 4406 488 4457 sucina
511 4406 581 4458 donc
598 4409 760 4460 diminutiva
781 4426 846 4461 voce
872 4427 888 4461 a
913 4411 982 4462 vltra
1006 4412 1088 4463 ducta
1113 4410 1200 4462 notati
1224 4410 1378 4478 suspicaris,
1402 4408 1447 4462 nisi

312 4494 385 4545 iufra
403 4511 446 4545 vv.
466 4493 484 4546 4
502 4512 540 4561 sq.
561 4497 658 4548 diserte
678 4514 773 4549 aurum
792 4506 998 4564 nuncuparetur.
