3016 5310
456 466 659 514 maustauron
679 468 864 514 1111001011.

129 698 150 740 s.
184 676 287 740 Laeta
309 674 425 758 ferens,
449 672 511 738 hae
534 673 607 739 luee
629 672 704 738 beet
725 682 782 737 tua
805 672 939 736 numine
961 671 1056 758 pleno

188 781 345 868 Conubia„
369 780 457 845 haud
480 779 558 845 olim
579 802 701 868 paueos
723 802 878 844 mansura
901 802 958 866 per
978 802 1080 844 annos

188 889 231 953 Et
253 888 354 954 laetos
377 888 489 953 visura
513 887 581 952 dies
603 887 790 975 prolemque
814 887 1024 973 frequentem,

183 997 306 1060 Pacata
329 1005 360 1060 et
384 994 482 1059 nullis
505 994 675 1060 turbarum
699 993 841 1059 obnoxia
863 994 952 1058 rixis.

186 1103 332 1168 Alterius
355 1126 438 1189 quae
462 1126 562 1188 mens,
585 1102 740 1190 quiequid
764 1103 922 1188 optaverit
946 1101 1035 1186 alter⁷

129 1232 150 1274 1.
186 1210 331 1275 Alterius
354 1234 446 1275 mens
469 1210 549 1275 haee
572 1210 671 1296 idque
694 1232 796 1274 unum
819 1210 978 1295 optaverit
1000 1207 1094 1272 alter:

186 1318 262 1383 Uno
285 1318 462 1405 eodemque
483 1319 598 1402 animo,
622 1317 711 1382 velut
735 1339 830 1401 unus,
854 1325 1025 1402 amantque
1047 1314 1222 1402 velintque.

186 1424 282 1504 Quod
306 1426 365 1510 vir,
388 1425 421 1489 id
446 1447 529 1489 uxor
552 1434 645 1509 amet,
669 1424 756 1510 quod
780 1447 853 1507 non,
876 1423 937 1487 hoo
960 1422 1063 1486 oderit
1086 1421 1181 1506 ultre,

187 1531 276 1617 Lege
300 1554 395 1596 suum
418 1541 572 1597 venerata
595 1532 712 1615 virum,
737 1553 819 1618 quae
843 1530 930 1595 dieta
953 1529 1080 1615 parenti

184 1639 315 1703 Primae
337 1639 504 1702 hominum
528 1638 618 1703 iubet
641 1661 776 1704 uxorem
801 1661 860 1702 sua
883 1637 966 1702 oolla
989 1636 1104 1700 marito

129 1765 151 1809 1.
184 1745 331 1811 Subdere
354 1756 385 1811 et
408 1745 571 1832 obsequiis
595 1747 717 1810 servire
740 1744 932 1829 volentibus,
956 1766 1059 1809 unum

186 1853 267 1918 Esse
290 1875 386 1917 suum
409 1876 544 1940 gnaram
569 1864 675 1940 eaput.
702 1854 792 1918 Haeo
816 1853 892 1917 data
914 1853 987 1916 iura
1009 1850 1190 1940 hymenaeo

186 1960 302 2025 Disoat
325 1969 356 2025 et
379 1961 523 2047 imperiis
546 1961 612 2024 iarn
635 1982 724 2025 nuno
748 1969 913 2024 assuescat
937 1959 1059 2023 amieis.

275 2067 388 2153 Digna
411 2068 490 2151 viro,
513 2077 604 2132 tanta
627 2068 679 2131 vir
701 2067 821 2154 dignus
845 2067 990 2152 coniuge,
1014 2065 1090 2131 laeti

185 2174 213 2238 F
215 2174 314 2239 eliees
336 2176 469 2262 petitote
491 2185 586 2261 toros,
610 2198 695 2240 nova
718 2174 839 2261 gaudia
863 2174 969 2238 fausto

130 2301 153 2344 o.
185 2281 342 2367 Aggressi
366 2280 455 2368 pede.
486 2281 658 2368 Depositos
684 2305 749 2346 non
773 2282 904 2346 cernitis
928 2290 1036 2346 aestus

185 2388 284 2452 Icarii
308 2389 407 2474 oanis,
431 2399 558 2454 arentes
581 2389 676 2454 modo
700 2388 806 2454 sidere
828 2411 959 2475 campos

186 2494 252 2573 Qui
276 2495 424 2561 sulcabat
448 2495 543 2560 hians
566 2496 775 2563 nascentibus
798 2518 893 2582 asper
916 2496 1023 2560 aristis

185 2602 228 2665 Et
252 2601 355 2668 laetae
379 2604 501 2690 segeti?
525 2604 653 2690 Proque
677 2603 739 2669 hoo
763 2603 951 2669 elementior
974 2624 1054 2665 aura

185 2710 272 2774 Aera
294 2731 352 2797 per
374 2709 534 2798 liquidum
558 2712 711 2798 spirantis
735 2712 807 2777 lene
830 2711 942 2776 favoni

129 2836 152 2879 s.
182 2816 251 2881 Ver
273 2816 380 2881 reddit
403 2817 496 2883 laetis
521 2818 625 2883 alieno
648 2830 791 2905 ternpore
815 2819 946 2904 eampis.

184 2923 267 2988 Rern
290 2946 386 2990 eerne
409 2925 569 2990 insuetam
593 2927 782 3013 Divumque
805 2947 944 3012 agnosee
969 2925 1125 2988 favorem:

186 3030 238 3094 Fit
262 3030 321 3096 tibi
345 3053 411 3116 ver,
435 3055 518 3119 quae
541 3044 659 3116 aestas3
683 3033 773 3098 eaelo
796 3055 830 3097 se
854 3032 957 3098 Sirius
982 3030 1046 3094 alto

186 3137 337 3203 Continet
360 3149 456 3225 atque
479 3163 553 3204 suos
578 3139 790 3204 iamdudum
815 3139 997 3225 eomprimit
1021 3137 1125 3223 ignes3

186 3246 420 3334 Augustusque
442 3248 525 3333 pius,
548 3286 591 3294 —
616 3271 677 3334 quo
702 3269 777 3333 rege
800 3246 933 3311 Polonia
958 3244 1038 3310 felix

129 3372 152 3415 o.
183 3352 295 3439 Usque
318 3354 449 3440 vigebit,
473 3357 542 3441 opis
566 3377 770 3442 nequaquam
794 3365 850 3418 aut
873 3353 987 3417 Martis
1010 3374 1112 3439 egena

186 3460 324 3525 Externi
346 3472 534 3527 metuensve
557 3462 667 3547 hostis,
692 3486 748 3526 seu
772 3462 931 3527 Tlrraeius
955 3484 1045 3525 arma

185 3567 394 3655 Contemptor
417 3592 570 3656 superum
593 3579 708 3655 movet,
733 3570 766 3633 in
790 3592 876 3633 nova
900 3590 1031 3655 surgere
1054 3566 1139 3632 bella

184 3675 354 3759 Assuetus‚
378 3697 444 3760 seu,
466 3675 607 3761 Moscho,
629 3677 721 3740 iuvat
745 3675 921 3740 maioribus
945 3675 1032 3740 ausis

184 3779 388 3868 Leohigenas
412 3793 524 3847 eontra
546 3784 659 3870 positis
684 3797 715 3848 10
738 3806 899 3871 opponere
922 3781 1046 3866 eastris,

129 3909 150 3952 1.
180 3889 406 3954 Immemorem
431 3890 648 3957 Staradubeos
672 3915 736 3978 qua
761 3902 868 3978 strage
890 3912 948 3978 per
970 3911 1065 3976 agros

184 3996 291 4061 Fusae
314 3996 392 4061 olim
415 3999 542 4063 iaeuere
564 4001 649 4064 acies
673 4010 793 4086 tuaque
817 4000 920 4063 ardua
944 4008 1063 4063 eastra:

183 4103 345 4167 Tarnovio
369 4128 450 4182 quae
474 4107 587 4171 1101011
613 4129 738 4172 cessero
763 4107 909 4193 superbo,

183 4210 309 4275 Nomen
333 4213 427 4276 euius
450 4215 510 4277 0111
534 4213 794 4279 sansadonia
819 4214 943 4297 saeclis,

183 4317 329 4404 Riphaeo
352 4319 471 4383 Tamais
495 4320 605 4407 lapsus
629 4322 708 4385 dum
732 4323 862 4405 1011100,
887 4331 982 4384 notus

129 4447 151 4490 1.
181 4426 353 4491 Terminus
378 4428 526 4513 Europae
550 4440 645 4515 atque
670 4431 776 4513 nisiae,
800 4428 962 4493 Maeotida
985 4428 1113 4492 Thetim

184 4533 303 4598 lnlluet
325 4544 357 4598 et
379 4535 508 4621 gemino
532 4559 662 4624 campos
686 4549 809 4623 proruet
832 4560 927 4602 1111110
950 4537 1118 4623 liquentes,
1135 4573 1171 4582 -

184 4649 298 4690 carmin».
320 4650 377 4691 1.1.
1098 4643 1115 4695 o
