<?xml version="1.0" encoding="UTF-8"?>
<!DOCTYPE html PUBLIC "-//W3C//DTD XHTML 1.0 Transitional//EN"
    "http://www.w3.org/TR/xhtml1/DTD/xhtml1-transitional.dtd">
<html xmlns="http://www.w3.org/1999/xhtml" xml:lang="en" lang="en">
 <head>
  <title>
</title>
<meta http-equiv="Content-Type" content="text/html;charset=utf-8" />
  <meta name='ocr-system' content='tesseract 3.04.00' />
  <meta name='ocr-capabilities' content='ocr_page ocr_carea ocr_par ocr_line ocrx_word'/>
</head>
<body>
  <div class='ocr_page' id='page_1' title='image "./petriroyziimaur01morogoog_0195.png"; bbox 0 0 3016 5310; ppageno 0'>
   <div class='ocr_carea' id='block_1_1' title="bbox 610 460 1276 559">
    <p class='ocr_par' dir='ltr' id='par_1_1' title="bbox 610 460 1276 559">
     <span class='ocr_line' id='line_1_1' title="bbox 610 460 794 508; baseline -0.011 0"><span class='ocrx_word' id='word_1_1' title='bbox 610 462 688 508; x_wconf 69' lang='lat' dir='ltr'>rursu</span> <span class='ocrx_word' id='word_1_2' title='bbox 706 460 794 507; x_wconf 66' lang='lat' dir='ltr'>nostrl</span> 
     </span>
     <span class='ocr_line' id='line_1_2' title="bbox 740 528 1276 559; baseline 0.006 -13"><span class='ocrx_word' id='word_1_3' title='bbox 740 545 788 550; x_wconf 71' lang='grc'>..,</span> <span class='ocrx_word' id='word_1_4' title='bbox 1030 533 1163 559; x_wconf 47' lang='lat' dir='ltr'>aaz</span> <span class='ocrx_word' id='word_1_5' title='bbox 1173 528 1276 558; x_wconf 45' lang='grc' dir='ltr'><strong>ξ</strong></span> 
     </span>
    </p>
   </div>
   <div class='ocr_carea' id='block_1_2' title="bbox 134 665 1275 4174">
    <p class='ocr_par' dir='ltr' id='par_1_2' title="bbox 134 665 1275 4174">
     <span class='ocr_line' id='line_1_3' title="bbox 238 665 1013 753; baseline -0.008 -18"><span class='ocrx_word' id='word_1_6' title='bbox 238 672 278 736; x_wconf 93' lang='lat' dir='ltr'>In</span> <span class='ocrx_word' id='word_1_7' title='bbox 301 665 443 735; x_wconf 88' lang='lat' dir='ltr'>tenebris</span> <span class='ocrx_word' id='word_1_8' title='bbox 465 669 556 733; x_wconf 87' lang='lat' dir='ltr'>tenui</span> <span class='ocrx_word' id='word_1_9' title='bbox 579 667 713 753; x_wconf 91' lang='lat' dir='ltr'>longum</span> <span class='ocrx_word' id='word_1_10' title='bbox 737 666 871 753; x_wconf 86' lang='lat' dir='ltr'>depasta</span> <span class='ocrx_word' id='word_1_11' title='bbox 893 665 1013 747; x_wconf 81' lang='lat' dir='ltr'>farina3</span> 
     </span>
     <span class='ocr_line' id='line_1_4' title="bbox 238 771 1099 863; baseline -0.007 -21"><span class='ocrx_word' id='word_1_12' title='bbox 238 779 312 842; x_wconf 89' lang='lat' dir='ltr'>Nou</span> <span class='ocrx_word' id='word_1_13' title='bbox 336 799 417 863; x_wconf 85' lang='lat' dir='ltr'>eapo</span> <span class='ocrx_word' id='word_1_14' title='bbox 439 776 580 863; x_wconf 86' lang='lat' dir='ltr'>pinguis,</span> <span class='ocrx_word' id='word_1_15' title='bbox 606 797 670 839; x_wconf 93' lang='lat' dir='ltr'>nou</span> <span class='ocrx_word' id='word_1_16' title='bbox 694 772 801 839; x_wconf 82' lang='lat' dir='ltr'>cauda</span> <span class='ocrx_word' id='word_1_17' title='bbox 822 795 906 860; x_wconf 88' lang='lat' dir='ltr'>pavo</span> <span class='ocrx_word' id='word_1_18' title='bbox 930 771 1099 860; x_wconf 84' lang='lat' dir='ltr'>superbus,</span> 
     </span>
     <span class='ocr_line' id='line_1_5' title="bbox 134 877 1046 968; baseline -0.009 -18"><span class='ocrx_word' id='word_1_19' title='bbox 134 907 204 950; x_wconf 77' lang='lat' dir='ltr'>aot.</span> <span class='ocrx_word' id='word_1_20' title='bbox 239 884 353 950; x_wconf 82' lang='lat' dir='ltr'>Gloria</span> <span class='ocrx_word' id='word_1_21' title='bbox 375 881 495 968; x_wconf 86' lang='lat' dir='ltr'>regalis</span> <span class='ocrx_word' id='word_1_22' title='bbox 518 904 658 966; x_wconf 80' lang='lat' dir='ltr'>mensae,</span> <span class='ocrx_word' id='word_1_23' title='bbox 682 904 746 945; x_wconf 92' lang='lat' dir='ltr'>non</span> <span class='ocrx_word' id='word_1_24' title='bbox 770 878 907 945; x_wconf 82' lang='lat' dir='ltr'>daedala</span> <span class='ocrx_word' id='word_1_25' title='bbox 930 877 1046 965; x_wconf 87' lang='lat' dir='ltr'>perdix</span> 
     </span>
     <span class='ocr_line' id='line_1_6' title="bbox 236 986 1069 1076; baseline -0.008 -20"><span class='ocrx_word' id='word_1_26' title='bbox 236 993 280 1056; x_wconf 82' lang='lat' dir='ltr'>Et</span> <span class='ocrx_word' id='word_1_27' title='bbox 302 989 422 1055; x_wconf 88' lang='lat' dir='ltr'>viduus</span> <span class='ocrx_word' id='word_1_28' title='bbox 446 990 534 1055; x_wconf 86' lang='lat' dir='ltr'>siooa</span> <span class='ocrx_word' id='word_1_29' title='bbox 557 989 735 1076; x_wconf 90' lang='lat' dir='ltr'>deprensus</span> <span class='ocrx_word' id='word_1_30' title='bbox 758 988 794 1051; x_wconf 93' lang='lat' dir='ltr'>in</span> <span class='ocrx_word' id='word_1_31' title='bbox 817 986 932 1051; x_wconf 87' lang='lat' dir='ltr'>arbore</span> <span class='ocrx_word' id='word_1_32' title='bbox 954 994 1069 1050; x_wconf 90' lang='lat' dir='ltr'>turtur.</span> 
     </span>
     <span class='ocr_line' id='line_1_7' title="bbox 236 1094 966 1183; baseline -0.007 -20"><span class='ocrx_word' id='word_1_33' title='bbox 236 1099 310 1163; x_wconf 88' lang='lat' dir='ltr'>Nou</span> <span class='ocrx_word' id='word_1_34' title='bbox 333 1095 526 1183; x_wconf 81' lang='lat' dir='ltr'>capitolinae</span> <span class='ocrx_word' id='word_1_35' title='bbox 549 1106 658 1161; x_wconf 86' lang='lat' dir='ltr'>eustos</span> <span class='ocrx_word' id='word_1_36' title='bbox 680 1094 858 1159; x_wconf 88' lang='lat' dir='ltr'>fidissimus</span> <span class='ocrx_word' id='word_1_37' title='bbox 882 1094 966 1159; x_wconf 85' lang='lat' dir='ltr'>areis</span> 
     </span>
     <span class='ocr_line' id='line_1_8' title="bbox 237 1201 1017 1289; baseline -0.008 -19"><span class='ocrx_word' id='word_1_38' title='bbox 237 1205 352 1270; x_wconf 84' lang='lat' dir='ltr'>Defuit</span> <span class='ocrx_word' id='word_1_39' title='bbox 375 1203 429 1268; x_wconf 89' lang='lat' dir='ltr'>hio</span> <span class='ocrx_word' id='word_1_40' title='bbox 452 1225 555 1288; x_wconf 88' lang='lat' dir='ltr'>auser,</span> <span class='ocrx_word' id='word_1_41' title='bbox 578 1204 672 1267; x_wconf 85' lang='lat' dir='ltr'>ouius</span> <span class='ocrx_word' id='word_1_42' title='bbox 695 1201 867 1289; x_wconf 89' lang='lat' dir='ltr'>vigilantia</span> <span class='ocrx_word' id='word_1_43' title='bbox 889 1222 1017 1266; x_wconf 86' lang='lat' dir='ltr'>mensas</span> 
     </span>
     <span class='ocr_line' id='line_1_9' title="bbox 238 1308 1062 1396; baseline -0.008 -18"><span class='ocrx_word' id='word_1_44' title='bbox 238 1312 417 1378; x_wconf 83' lang='lat' dir='ltr'>Censorum</span> <span class='ocrx_word' id='word_1_45' title='bbox 440 1311 557 1375; x_wconf 90' lang='lat' dir='ltr'>meruit</span> <span class='ocrx_word' id='word_1_46' title='bbox 569 1315 589 1396; x_wconf 89' lang='lat'>¹,</span> <span class='ocrx_word' id='word_1_47' title='bbox 612 1309 717 1375; x_wconf 82' lang='lat' dir='ltr'>Gallis</span> <span class='ocrx_word' id='word_1_48' title='bbox 742 1308 904 1375; x_wconf 80' lang='lat' dir='ltr'>celebrata</span> <span class='ocrx_word' id='word_1_49' title='bbox 926 1308 1062 1394; x_wconf 78' lang='lat' dir='ltr'>fugatis3</span> 
     </span>
     <span class='ocr_line' id='line_1_10' title="bbox 198 1414 1062 1504; baseline -0.005 -20"><span class='ocrx_word' id='word_1_50' title='bbox 198 1470 205 1484; x_wconf 94' lang='lat'><strong>.</strong></span> <span class='ocrx_word' id='word_1_51' title='bbox 238 1420 312 1484; x_wconf 89' lang='lat' dir='ltr'>Nou</span> <span class='ocrx_word' id='word_1_52' title='bbox 338 1440 454 1484; x_wconf 87' lang='lat' dir='ltr'>oervus</span> <span class='ocrx_word' id='word_1_53' title='bbox 476 1416 580 1481; x_wconf 87' lang='lat' dir='ltr'>lentas</span> <span class='ocrx_word' id='word_1_54' title='bbox 604 1416 768 1504; x_wconf 77' lang='lat' dir='ltr'>depellens</span> <span class='ocrx_word' id='word_1_55' title='bbox 791 1438 924 1503; x_wconf 89' lang='lat' dir='ltr'>eorpore</span> <span class='ocrx_word' id='word_1_56' title='bbox 947 1414 1062 1499; x_wconf 79' lang='lat' dir='ltr'>febres,</span> 
     </span>
     <span class='ocr_line' id='line_1_11' title="bbox 239 1523 988 1610; baseline -0.004 -21"><span class='ocrx_word' id='word_1_57' title='bbox 239 1525 397 1590; x_wconf 84' lang='lat' dir='ltr'>Alatusve</span> <span class='ocrx_word' id='word_1_58' title='bbox 419 1523 521 1610; x_wconf 90' lang='lat' dir='ltr'>lepus,</span> <span class='ocrx_word' id='word_1_59' title='bbox 544 1524 646 1587; x_wconf 85' lang='lat' dir='ltr'>vastis</span> <span class='ocrx_word' id='word_1_60' title='bbox 671 1523 810 1587; x_wconf 81' lang='lat' dir='ltr'>laetatus</span> <span class='ocrx_word' id='word_1_61' title='bbox 833 1523 867 1586; x_wconf 92' lang='lat' dir='ltr'>in</span> <span class='ocrx_word' id='word_1_62' title='bbox 891 1523 988 1608; x_wconf 82' lang='lat' dir='ltr'>agris,</span> 
     </span>
     <span class='ocr_line' id='line_1_12' title="bbox 240 1628 1180 1717; baseline -0.004 -21"><span class='ocrx_word' id='word_1_63' title='bbox 240 1631 366 1696; x_wconf 82' lang='lat' dir='ltr'>Praedo</span> <span class='ocrx_word' id='word_1_64' title='bbox 389 1653 572 1717; x_wconf 82' lang='lat' dir='ltr'>uanumque</span> <span class='ocrx_word' id='word_1_65' title='bbox 594 1628 695 1714; x_wconf 89' lang='lat' dir='ltr'>labos,</span> <span class='ocrx_word' id='word_1_66' title='bbox 720 1628 772 1694; x_wconf 92' lang='lat' dir='ltr'>vel</span> <span class='ocrx_word' id='word_1_67' title='bbox 796 1631 884 1694; x_wconf 84' lang='lat' dir='ltr'>souti</span> <span class='ocrx_word' id='word_1_68' title='bbox 907 1629 1031 1694; x_wconf 92' lang='lat' dir='ltr'>lumina</span> <span class='ocrx_word' id='word_1_69' title='bbox 1055 1628 1180 1695; x_wconf 86' lang='lat' dir='ltr'>damae.</span> 
     </span>
     <span class='ocr_line' id='line_1_13' title="bbox 240 1735 1177 1823; baseline -0.005 -19"><span class='ocrx_word' id='word_1_70' title='bbox 240 1739 359 1804; x_wconf 86' lang='lat' dir='ltr'>Omnia</span> <span class='ocrx_word' id='word_1_71' title='bbox 382 1737 462 1822; x_wconf 89' lang='lat' dir='ltr'>quid</span> <span class='ocrx_word' id='word_1_72' title='bbox 485 1739 684 1802; x_wconf 82' lang='lat' dir='ltr'>memorem?</span> <span class='ocrx_word' id='word_1_73' title='bbox 708 1736 874 1823; x_wconf 83' lang='lat' dir='ltr'>Quicquid</span> <span class='ocrx_word' id='word_1_74' title='bbox 897 1735 1058 1800; x_wconf 91' lang='lat' dir='ltr'>ditissima</span> <span class='ocrx_word' id='word_1_75' title='bbox 1079 1735 1177 1801; x_wconf 86' lang='lat' dir='ltr'>tellus</span> 
     </span>
     <span class='ocr_line' id='line_1_14' title="bbox 240 1841 1122 1930; baseline -0.002 -21"><span class='ocrx_word' id='word_1_76' title='bbox 240 1847 307 1909; x_wconf 85' lang='lat' dir='ltr'>Aut</span> <span class='ocrx_word' id='word_1_77' title='bbox 331 1867 463 1909; x_wconf 87' lang='lat' dir='ltr'>nemora</span> <span class='ocrx_word' id='word_1_78' title='bbox 486 1855 542 1908; x_wconf 89' lang='lat' dir='ltr'>aut</span> <span class='ocrx_word' id='word_1_79' title='bbox 566 1843 667 1908; x_wconf 90' lang='lat' dir='ltr'>valles</span> <span class='ocrx_word' id='word_1_80' title='bbox 690 1854 747 1908; x_wconf 86' lang='lat' dir='ltr'>aut</span> <span class='ocrx_word' id='word_1_81' title='bbox 769 1843 836 1908; x_wconf 88' lang='lat' dir='ltr'>luoi</span> <span class='ocrx_word' id='word_1_82' title='bbox 859 1844 943 1908; x_wconf 87' lang='lat' dir='ltr'>ferre</span> <span class='ocrx_word' id='word_1_83' title='bbox 965 1841 1122 1930; x_wconf 86' lang='lat' dir='ltr'>profundi</span> 
     </span>
     <span class='ocr_line' id='line_1_15' title="bbox 200 1951 1044 2038; baseline -0.005 -21"><span class='ocrx_word' id='word_1_84' title='bbox 200 2004 206 2017; x_wconf 95' lang='lat'><strong><em>.</em></strong></span> <span class='ocrx_word' id='word_1_85' title='bbox 240 1954 345 2017; x_wconf 87' lang='lat' dir='ltr'>Esoae</span> <span class='ocrx_word' id='word_1_86' title='bbox 369 1961 480 2038; x_wconf 85' lang='lat' dir='ltr'>aptum</span> <span class='ocrx_word' id='word_1_87' title='bbox 503 1962 643 2037; x_wconf 80' lang='lat' dir='ltr'>potuere,</span> <span class='ocrx_word' id='word_1_88' title='bbox 667 1963 698 2016; x_wconf 90' lang='lat' dir='ltr'>et</span> <span class='ocrx_word' id='word_1_89' title='bbox 721 1951 811 2016; x_wconf 85' lang='lat' dir='ltr'>eaelo</span> <span class='ocrx_word' id='word_1_90' title='bbox 833 1953 964 2038; x_wconf 87' lang='lat' dir='ltr'>pervius</span> <span class='ocrx_word' id='word_1_91' title='bbox 989 1971 1044 2015; x_wconf 85' lang='lat' dir='ltr'>aer</span> 
     </span>
     <span class='ocr_line' id='line_1_16' title="bbox 239 2058 1033 2147; baseline -0.001 -24"><span class='ocrx_word' id='word_1_92' title='bbox 239 2060 476 2147; x_wconf 89' lang='lat' dir='ltr'>Neptunusque</span> <span class='ocrx_word' id='word_1_93' title='bbox 498 2068 598 2145; x_wconf 83' lang='lat' dir='ltr'>pater,</span> <span class='ocrx_word' id='word_1_94' title='bbox 620 2069 732 2123; x_wconf 86' lang='lat' dir='ltr'>vastae</span> <span class='ocrx_word' id='word_1_95' title='bbox 754 2068 906 2144; x_wconf 88' lang='lat' dir='ltr'>regnator</span> <span class='ocrx_word' id='word_1_96' title='bbox 928 2058 1033 2144; x_wconf 87' lang='lat' dir='ltr'>aquai,</span> 
     </span>
     <span class='ocr_line' id='line_1_17' title="bbox 240 2164 1189 2252; baseline -0.002 -22"><span class='ocrx_word' id='word_1_97' title='bbox 240 2165 342 2251; x_wconf 84' lang='lat' dir='ltr'>Regin</span> <span class='ocrx_word' id='word_1_98' title='bbox 365 2187 477 2229; x_wconf 86' lang='lat' dir='ltr'>mensa</span> <span class='ocrx_word' id='word_1_99' title='bbox 499 2164 581 2249; x_wconf 84' lang='lat' dir='ltr'>tulit,</span> <span class='ocrx_word' id='word_1_100' title='bbox 605 2187 666 2230; x_wconf 88' lang='lat' dir='ltr'>neo</span> <span class='ocrx_word' id='word_1_101' title='bbox 689 2188 763 2249; x_wconf 84' lang='lat' dir='ltr'>non,</span> <span class='ocrx_word' id='word_1_102' title='bbox 787 2187 870 2252; x_wconf 81' lang='lat' dir='ltr'>quae</span> <span class='ocrx_word' id='word_1_103' title='bbox 892 2164 1054 2229; x_wconf 89' lang='lat' dir='ltr'>industria</span> <span class='ocrx_word' id='word_1_104' title='bbox 1077 2185 1189 2228; x_wconf 90' lang='lat' dir='ltr'>rerum</span> 
     </span>
     <span class='ocr_line' id='line_1_18' title="bbox 240 2271 1007 2357; baseline -0.001 -22"><span class='ocrx_word' id='word_1_105' title='bbox 240 2272 384 2337; x_wconf 83' lang='lat' dir='ltr'>Naturae</span> <span class='ocrx_word' id='word_1_106' title='bbox 408 2271 536 2355; x_wconf 86' lang='lat' dir='ltr'>adieeit,</span> <span class='ocrx_word' id='word_1_107' title='bbox 559 2271 724 2357; x_wconf 83' lang='lat' dir='ltr'>regalibus</span> <span class='ocrx_word' id='word_1_108' title='bbox 747 2273 855 2337; x_wconf 83' lang='lat' dir='ltr'>exeita</span> <span class='ocrx_word' id='word_1_109' title='bbox 878 2272 1007 2337; x_wconf 86' lang='lat' dir='ltr'>mensis.</span> 
     </span>
     <span class='ocr_line' id='line_1_19' title="bbox 242 2371 1018 2466; baseline 0.001 -25"><span class='ocrx_word' id='word_1_110' title='bbox 242 2379 311 2441; x_wconf 84' lang='lat' dir='ltr'>Has</span> <span class='ocrx_word' id='word_1_111' title='bbox 335 2371 447 2464; x_wconf 87' lang='lat' dir='ltr'>opulas</span> <span class='ocrx_word' id='word_1_112' title='bbox 471 2380 555 2442; x_wconf 90' lang='lat' dir='ltr'>inter</span> <span class='ocrx_word' id='word_1_113' title='bbox 579 2380 777 2466; x_wconf 85' lang='lat' dir='ltr'>repetitaque</span> <span class='ocrx_word' id='word_1_114' title='bbox 800 2379 917 2466; x_wconf 83' lang='lat' dir='ltr'>poeula</span> <span class='ocrx_word' id='word_1_115' title='bbox 941 2379 1018 2444; x_wconf 82' lang='lat' dir='ltr'>fessi</span> 
     </span>
     <span class='ocr_line' id='line_1_20' title="bbox 201 2484 1112 2570; baseline -0.001 -20"><span class='ocrx_word' id='word_1_116' title='bbox 201 2537 208 2550; x_wconf 92' lang='lat'><strong>.</strong></span> <span class='ocrx_word' id='word_1_117' title='bbox 243 2486 408 2552; x_wconf 81' lang='lat' dir='ltr'>Convivae</span> <span class='ocrx_word' id='word_1_118' title='bbox 430 2485 495 2551; x_wconf 88' lang='lat' dir='ltr'>hue</span> <span class='ocrx_word' id='word_1_119' title='bbox 519 2485 598 2550; x_wconf 85' lang='lat' dir='ltr'>illue</span> <span class='ocrx_word' id='word_1_120' title='bbox 622 2485 731 2550; x_wconf 86' lang='lat' dir='ltr'>oeulos</span> <span class='ocrx_word' id='word_1_121' title='bbox 756 2496 854 2570; x_wconf 88' lang='lat' dir='ltr'>atque</span> <span class='ocrx_word' id='word_1_122' title='bbox 877 2509 933 2550; x_wconf 88' lang='lat' dir='ltr'>ora</span> <span class='ocrx_word' id='word_1_123' title='bbox 956 2484 1112 2551; x_wconf 82' lang='lat' dir='ltr'>ferebant.</span> 
     </span>
     <span class='ocr_line' id='line_1_21' title="bbox 331 2591 1275 2681; baseline -0.001 -23"><span class='ocrx_word' id='word_1_124' title='bbox 331 2591 443 2658; x_wconf 80' lang='lat' dir='ltr'>Stabat</span> <span class='ocrx_word' id='word_1_125' title='bbox 467 2603 579 2657; x_wconf 83' lang='lat' dir='ltr'>eontra</span> <span class='ocrx_word' id='word_1_126' title='bbox 595 2592 726 2678; x_wconf 77' lang='lat' dir='ltr'>abacus,</span> <span class='ocrx_word' id='word_1_127' title='bbox 751 2616 877 2657; x_wconf 86' lang='lat' dir='ltr'>summa</span> <span class='ocrx_word' id='word_1_128' title='bbox 893 2593 934 2657; x_wconf 91' lang='lat' dir='ltr'>ad</span> <span class='ocrx_word' id='word_1_129' title='bbox 949 2593 1116 2681; x_wconf 87' lang='lat' dir='ltr'>laquearia</span> <span class='ocrx_word' id='word_1_130' title='bbox 1132 2614 1275 2679; x_wconf 77' lang='lat' dir='ltr'>surgens,</span> 
     </span>
     <span class='ocr_line' id='line_1_22' title="bbox 241 2699 987 2786; baseline 0 -21"><span class='ocrx_word' id='word_1_131' title='bbox 241 2699 396 2765; x_wconf 89' lang='lat' dir='ltr'>Obieotus</span> <span class='ocrx_word' id='word_1_132' title='bbox 419 2699 483 2764; x_wconf 86' lang='lat' dir='ltr'>late</span> <span class='ocrx_word' id='word_1_133' title='bbox 506 2701 635 2785; x_wconf 88' lang='lat' dir='ltr'>mensis,</span> <span class='ocrx_word' id='word_1_134' title='bbox 660 2701 846 2786; x_wconf 82' lang='lat' dir='ltr'>ingentibus</span> <span class='ocrx_word' id='word_1_135' title='bbox 870 2701 987 2765; x_wconf 85' lang='lat' dir='ltr'>ardeus</span> 
     </span>
     <span class='ocr_line' id='line_1_23' title="bbox 241 2806 1026 2893; baseline 0.003 -24"><span class='ocrx_word' id='word_1_136' title='bbox 241 2807 348 2891; x_wconf 88' lang='lat' dir='ltr'>Vasis,</span> <span class='ocrx_word' id='word_1_137' title='bbox 372 2816 505 2892; x_wconf 87' lang='lat' dir='ltr'>argento</span> <span class='ocrx_word' id='word_1_138' title='bbox 528 2806 684 2893; x_wconf 84' lang='lat' dir='ltr'>gravibus</span> <span class='ocrx_word' id='word_1_139' title='bbox 708 2807 864 2891; x_wconf 85' lang='lat' dir='ltr'>fulvoque</span> <span class='ocrx_word' id='word_1_140' title='bbox 887 2807 1026 2893; x_wconf 84' lang='lat' dir='ltr'>metallo,</span> 
     </span>
     <span class='ocr_line' id='line_1_24' title="bbox 241 2913 1220 3002; baseline 0.003 -26"><span class='ocrx_word' id='word_1_141' title='bbox 241 2913 354 2978; x_wconf 78' lang='lat' dir='ltr'>Prisca</span> <span class='ocrx_word' id='word_1_142' title='bbox 379 2913 434 2977; x_wconf 90' lang='lat' dir='ltr'>ubi</span> <span class='ocrx_word' id='word_1_143' title='bbox 458 2915 545 2978; x_wconf 82' lang='lat' dir='ltr'>faeta</span> <span class='ocrx_word' id='word_1_144' title='bbox 567 2925 696 3000; x_wconf 83' lang='lat' dir='ltr'>patrum</span> <span class='ocrx_word' id='word_1_145' title='bbox 719 2916 889 3001; x_wconf 80' lang='lat' dir='ltr'>primaque</span> <span class='ocrx_word' id='word_1_146' title='bbox 912 2914 953 2979; x_wconf 85' lang='lat' dir='ltr'>ab</span> <span class='ocrx_word' id='word_1_147' title='bbox 977 2915 1102 3002; x_wconf 88' lang='lat' dir='ltr'>origiue</span> <span class='ocrx_word' id='word_1_148' title='bbox 1125 2937 1220 3002; x_wconf 91' lang='lat' dir='ltr'>reges</span> 
     </span>
     <span class='ocr_line' id='line_1_25' title="bbox 137 3018 1185 3108; baseline 0.001 -23"><span class='ocrx_word' id='word_1_149' title='bbox 137 3046 143 3062; x_wconf 89' lang='lat'><strong>·</strong></span> <span class='ocrx_word' id='word_1_150' title='bbox 200 3070 206 3084; x_wconf 91' lang='lat'><strong>.</strong></span> <span class='ocrx_word' id='word_1_151' title='bbox 241 3018 378 3085; x_wconf 78' lang='lat' dir='ltr'>Saecula</span> <span class='ocrx_word' id='word_1_152' title='bbox 401 3020 442 3085; x_wconf 88' lang='lat' dir='ltr'>ad</span> <span class='ocrx_word' id='word_1_153' title='bbox 466 3019 547 3085; x_wconf 84' lang='lat' dir='ltr'>haee</span> <span class='ocrx_word' id='word_1_154' title='bbox 570 3020 666 3106; x_wconf 90' lang='lat' dir='ltr'>longe</span> <span class='ocrx_word' id='word_1_155' title='bbox 689 3020 824 3108; x_wconf 87' lang='lat' dir='ltr'>pulohro</span> <span class='ocrx_word' id='word_1_156' title='bbox 847 3022 1014 3087; x_wconf 82' lang='lat' dir='ltr'>oaelantur</span> <span class='ocrx_word' id='word_1_157' title='bbox 1037 3022 1072 3085; x_wconf 92' lang='lat' dir='ltr'>in</span> <span class='ocrx_word' id='word_1_158' title='bbox 1095 3043 1185 3107; x_wconf 87' lang='lat' dir='ltr'>auro,</span> 
     </span>
     <span class='ocr_line' id='line_1_26' title="bbox 241 3126 1049 3215; baseline 0.002 -24"><span class='ocrx_word' id='word_1_159' title='bbox 241 3126 380 3211; x_wconf 79' lang='lat' dir='ltr'>Oraque,</span> <span class='ocrx_word' id='word_1_160' title='bbox 404 3150 484 3214; x_wconf 84' lang='lat' dir='ltr'>quos</span> <span class='ocrx_word' id='word_1_161' title='bbox 508 3127 584 3191; x_wconf 89' lang='lat' dir='ltr'>olim</span> <span class='ocrx_word' id='word_1_162' title='bbox 608 3151 745 3213; x_wconf 86' lang='lat' dir='ltr'>gessere,</span> <span class='ocrx_word' id='word_1_163' title='bbox 769 3130 894 3192; x_wconf 86' lang='lat' dir='ltr'>imitata</span> <span class='ocrx_word' id='word_1_164' title='bbox 919 3129 1049 3215; x_wconf 87' lang='lat' dir='ltr'>figuras.</span> 
     </span>
     <span class='ocr_line' id='line_1_27' title="bbox 242 3233 1180 3322; baseline 0.005 -26"><span class='ocrx_word' id='word_1_165' title='bbox 242 3233 317 3298; x_wconf 88' lang='lat' dir='ltr'>Huo</span> <span class='ocrx_word' id='word_1_166' title='bbox 341 3235 454 3297; x_wconf 89' lang='lat' dir='ltr'>intenti</span> <span class='ocrx_word' id='word_1_167' title='bbox 478 3234 588 3299; x_wconf 83' lang='lat' dir='ltr'>oeulos</span> <span class='ocrx_word' id='word_1_168' title='bbox 613 3234 748 3299; x_wconf 89' lang='lat' dir='ltr'>volvunt</span> <span class='ocrx_word' id='word_1_169' title='bbox 771 3235 969 3322; x_wconf 88' lang='lat' dir='ltr'>longumque</span> <span class='ocrx_word' id='word_1_170' title='bbox 992 3240 1180 3301; x_wconf 85' lang='lat' dir='ltr'>morantes²</span> 
     </span>
     <span class='ocr_line' id='line_1_28' title="bbox 241 3339 1073 3429; baseline 0.005 -26"><span class='ocrx_word' id='word_1_171' title='bbox 241 3339 420 3403; x_wconf 83' lang='lat' dir='ltr'>Tantorum</span> <span class='ocrx_word' id='word_1_172' title='bbox 444 3341 575 3407; x_wconf 84' lang='lat' dir='ltr'>diseunt</span> <span class='ocrx_word' id='word_1_173' title='bbox 600 3364 712 3427; x_wconf 90' lang='lat' dir='ltr'>regum</span> <span class='ocrx_word' id='word_1_174' title='bbox 736 3342 954 3428; x_wconf 83' lang='lat' dir='ltr'>pulcherrima</span> <span class='ocrx_word' id='word_1_175' title='bbox 977 3343 1073 3429; x_wconf 82' lang='lat' dir='ltr'>faeta,</span> 
     </span>
     <span class='ocr_line' id='line_1_29' title="bbox 242 3446 1114 3535; baseline 0.003 -24"><span class='ocrx_word' id='word_1_176' title='bbox 242 3446 469 3512; x_wconf 82' lang='lat' dir='ltr'>Sauromatum</span> <span class='ocrx_word' id='word_1_177' title='bbox 492 3471 614 3535; x_wconf 81' lang='lat' dir='ltr'>regum,</span> <span class='ocrx_word' id='word_1_178' title='bbox 639 3472 776 3534; x_wconf 89' lang='lat' dir='ltr'>quorum</span> <span class='ocrx_word' id='word_1_179' title='bbox 800 3449 973 3515; x_wconf 90' lang='lat' dir='ltr'>indelebile</span> <span class='ocrx_word' id='word_1_180' title='bbox 996 3472 1114 3515; x_wconf 91' lang='lat' dir='ltr'>nomen</span> 
     </span>
     <span class='ocr_line' id='line_1_30' title="bbox 201 3551 1073 3643; baseline 0.007 -29"><span class='ocrx_word' id='word_1_181' title='bbox 201 3602 207 3614; x_wconf 95' lang='lat'>.</span> <span class='ocrx_word' id='word_1_182' title='bbox 243 3551 357 3617; x_wconf 88' lang='lat' dir='ltr'>Servat</span> <span class='ocrx_word' id='word_1_183' title='bbox 381 3554 468 3618; x_wconf 83' lang='lat' dir='ltr'>fama</span> <span class='ocrx_word' id='word_1_184' title='bbox 489 3557 605 3641; x_wconf 88' lang='lat' dir='ltr'>ingens</span> <span class='ocrx_word' id='word_1_185' title='bbox 629 3555 832 3640; x_wconf 86' lang='lat' dir='ltr'>sublimeque</span> <span class='ocrx_word' id='word_1_186' title='bbox 855 3556 959 3643; x_wconf 85' lang='lat' dir='ltr'>gloria</span> <span class='ocrx_word' id='word_1_187' title='bbox 982 3555 1073 3621; x_wconf 88' lang='lat' dir='ltr'>tollit.</span> 
     </span>
     <span class='ocr_line' id='line_1_31' title="bbox 333 3658 1038 3749; baseline 0.006 -26"><span class='ocrx_word' id='word_1_188' title='bbox 333 3658 407 3725; x_wconf 85' lang='lat' dir='ltr'>lllio</span> <span class='ocrx_word' id='word_1_189' title='bbox 429 3660 560 3747; x_wconf 84' lang='lat' dir='ltr'>Iage110,</span> <span class='ocrx_word' id='word_1_190' title='bbox 585 3685 662 3727; x_wconf 85' lang='lat' dir='ltr'>vera</span> <span class='ocrx_word' id='word_1_191' title='bbox 686 3664 907 3749; x_wconf 84' lang='lat' dir='ltr'>armipotentis</span> <span class='ocrx_word' id='word_1_192' title='bbox 930 3665 1038 3749; x_wconf 91' lang='lat' dir='ltr'>imago</span> 
     </span>
     <span class='ocr_line' id='line_1_32' title="bbox 242 3766 1053 3857; baseline 0.006 -27"><span class='ocrx_word' id='word_1_193' title='bbox 242 3766 407 3852; x_wconf 82' lang='lat' dir='ltr'>Mavortis,</span> <span class='ocrx_word' id='word_1_194' title='bbox 433 3790 544 3854; x_wconf 92' lang='lat' dir='ltr'>regum</span> <span class='ocrx_word' id='word_1_195' title='bbox 569 3771 671 3836; x_wconf 86' lang='lat' dir='ltr'>multa</span> <span class='ocrx_word' id='word_1_196' title='bbox 695 3771 779 3835; x_wconf 88' lang='lat' dir='ltr'>inter</span> <span class='ocrx_word' id='word_1_197' title='bbox 803 3771 893 3834; x_wconf 84' lang='lat' dir='ltr'>milio</span> <span class='ocrx_word' id='word_1_198' title='bbox 917 3793 1053 3857; x_wconf 86' lang='lat' dir='ltr'>surgens</span> 
     </span>
     <span class='ocr_line' id='line_1_33' title="bbox 243 3874 957 3963; baseline 0.007 -26"><span class='ocrx_word' id='word_1_199' title='bbox 243 3874 328 3938; x_wconf 86' lang='lat' dir='ltr'>Ante</span> <span class='ocrx_word' id='word_1_200' title='bbox 351 3875 431 3938; x_wconf 89' lang='lat' dir='ltr'>alios</span> <span class='ocrx_word' id='word_1_201' title='bbox 455 3899 553 3963; x_wconf 88' lang='lat' dir='ltr'>supra</span> <span class='ocrx_word' id='word_1_202' title='bbox 576 3888 642 3941; x_wconf 87' lang='lat' dir='ltr'>toto</span> <span class='ocrx_word' id='word_1_203' title='bbox 665 3902 699 3942; x_wconf 88' lang='lat' dir='ltr'>se</span> <span class='ocrx_word' id='word_1_204' title='bbox 722 3879 843 3943; x_wconf 80' lang='lat' dir='ltr'>vertice</span> <span class='ocrx_word' id='word_1_205' title='bbox 866 3877 957 3943; x_wconf 90' lang='lat' dir='ltr'>tollit.</span> 
     </span>
     <span class='ocr_line' id='line_1_34' title="bbox 243 3981 1134 4072; baseline 0.008 -29"><span class='ocrx_word' id='word_1_206' title='bbox 243 3981 401 4045; x_wconf 84' lang='lat' dir='ltr'>Exoelsas</span> <span class='ocrx_word' id='word_1_207' title='bbox 424 4006 563 4069; x_wconf 79' lang='lat' dir='ltr'>magnae</span> <span class='ocrx_word' id='word_1_208' title='bbox 586 3986 767 4050; x_wconf 82' lang='lat' dir='ltr'>venientem</span> <span class='ocrx_word' id='word_1_209' title='bbox 794 3985 953 4072; x_wconf 88' lang='lat' dir='ltr'>Hedvigis</span> <span class='ocrx_word' id='word_1_210' title='bbox 977 3984 1019 4049; x_wconf 84' lang='lat' dir='ltr'>ad</span> <span class='ocrx_word' id='word_1_211' title='bbox 1043 4006 1134 4050; x_wconf 83' lang='lat' dir='ltr'>eroes</span> 
     </span>
     <span class='ocr_line' id='line_1_35' title="bbox 138 4087 1045 4174; baseline 0.009 -25"><span class='ocrx_word' id='word_1_212' title='bbox 138 4108 207 4150; x_wconf 79' lang='lat' dir='ltr'>aas.</span> <span class='ocrx_word' id='word_1_213' title='bbox 241 4087 423 4174; x_wconf 80' lang='lat' dir='ltr'>Aspioiunt,</span> <span class='ocrx_word' id='word_1_214' title='bbox 449 4089 544 4152; x_wconf 88' lang='lat' dir='ltr'>undis</span> <span class='ocrx_word' id='word_1_215' title='bbox 569 4101 599 4153; x_wconf 89' lang='lat' dir='ltr'>ot</span> <span class='ocrx_word' id='word_1_216' title='bbox 624 4115 657 4155; x_wconf 89' lang='lat' dir='ltr'>se</span> <span class='ocrx_word' id='word_1_217' title='bbox 682 4103 716 4155; x_wconf 92' lang='lat' dir='ltr'>ut</span> <span class='ocrx_word' id='word_1_218' title='bbox 739 4092 929 4156; x_wconf 87' lang='lat' dir='ltr'>lustralibus</span> <span class='ocrx_word' id='word_1_219' title='bbox 952 4092 1045 4157; x_wconf 89' lang='lat' dir='ltr'>heros</span> 
     </span>
    </p>
   </div>
   <div class='ocr_carea' id='block_1_3' title="bbox 137 4352 1281 4510">
    <p class='ocr_par' dir='ltr' id='par_1_3' title="bbox 137 4352 1281 4510">
     <span class='ocr_line' id='line_1_36' title="bbox 246 4352 1281 4426; baseline 0.007 -22"><span class='ocrx_word' id='word_1_220' title='bbox 246 4352 252 4381; x_wconf 91' lang='lat'>¹</span> <span class='ocrx_word' id='word_1_221' title='bbox 273 4356 418 4406; x_wconf 84' lang='lat' dir='ltr'>Anseribus</span> <span class='ocrx_word' id='word_1_222' title='bbox 438 4357 516 4420; x_wconf 87' lang='lat' dir='ltr'>enim,</span> <span class='ocrx_word' id='word_1_223' title='bbox 537 4359 632 4408; x_wconf 90' lang='lat' dir='ltr'>lunoni</span> <span class='ocrx_word' id='word_1_224' title='bbox 651 4359 678 4408; x_wconf 89' lang='lat' dir='ltr'>iu</span> <span class='ocrx_word' id='word_1_225' title='bbox 698 4360 831 4426; x_wconf 79' lang='lat' dir='ltr'>Capitolio</span> <span class='ocrx_word' id='word_1_226' title='bbox 851 4361 943 4423; x_wconf 79' lang='lat' dir='ltr'>saeris,</span> <span class='ocrx_word' id='word_1_227' title='bbox 963 4361 990 4409; x_wconf 91' lang='lat' dir='ltr'>iu</span> <span class='ocrx_word' id='word_1_228' title='bbox 1004 4359 1156 4412; x_wconf 80' lang='lat' dir='ltr'>rationibus</span> <span class='ocrx_word' id='word_1_229' title='bbox 1173 4359 1281 4426; x_wconf 80' lang='lat' dir='ltr'>publice</span> 
     </span>
     <span class='ocr_line' id='line_1_37' title="bbox 137 4443 1021 4510; baseline 0.008 -17"><span class='ocrx_word' id='word_1_230' title='bbox 137 4443 326 4508; x_wconf 80' lang='lat' dir='ltr'>expendendae</span> <span class='ocrx_word' id='word_1_231' title='bbox 345 4446 474 4510; x_wconf 84' lang='lat' dir='ltr'>pecunias</span> <span class='ocrx_word' id='word_1_232' title='bbox 493 4447 624 4498; x_wconf 83' lang='lat' dir='ltr'>alimenta</span> <span class='ocrx_word' id='word_1_233' title='bbox 643 4464 658 4497; x_wconf 86' lang='lat' dir='ltr'>a</span> <span class='ocrx_word' id='word_1_234' title='bbox 678 4450 833 4500; x_wconf 79' lang='lat' dir='ltr'>censoribus</span> <span class='ocrx_word' id='word_1_235' title='bbox 853 4449 1021 4501; x_wconf 82' lang='lat' dir='ltr'>locabantur.</span> 
     </span>
    </p>
   </div>
   <div class='ocr_carea' id='block_1_4' title="bbox 245 4529 1011 4605">
    <p class='ocr_par' dir='ltr' id='par_1_4' title="bbox 245 4529 1011 4605">
     <span class='ocr_line' id='line_1_38' title="bbox 245 4529 1011 4605; baseline 0.008 -19"><span class='ocrx_word' id='word_1_236' title='bbox 245 4529 256 4559; x_wconf 81' lang='lat'>²</span> <span class='ocrx_word' id='word_1_237' title='bbox 275 4535 334 4586; x_wconf 76' lang='lat' dir='ltr'>Hoc</span> <span class='ocrx_word' id='word_1_238' title='bbox 353 4551 431 4586; x_wconf 84' lang='lat' dir='ltr'>versu</span> <span class='ocrx_word' id='word_1_239' title='bbox 450 4536 545 4605; x_wconf 78' lang='lat' dir='ltr'>incipit</span> <span class='ocrx_word' id='word_1_240' title='bbox 563 4536 632 4589; x_wconf 83' lang='lat' dir='ltr'>liber</span> <span class='ocrx_word' id='word_1_241' title='bbox 651 4537 829 4590; x_wconf 77' lang='lat' dir='ltr'>bibliothecas</span> <span class='ocrx_word' id='word_1_242' title='bbox 847 4538 1011 4592; x_wconf 75' lang='lat' dir='ltr'>Ossoliueae.</span> 
     </span>
    </p>
   </div>
   <div class='ocr_carea' id='block_1_5' title="bbox 0 0 1524 5310">
    <p class='ocr_par' dir='ltr' id='par_1_5' title="bbox 0 0 1524 5310">
     <span class='ocr_line' id='line_1_39' title="bbox 0 0 1524 5310; baseline 0 0"><span class='ocrx_word' id='word_1_243' title='bbox 0 0 1524 5310; x_wconf 95' lang='lat' dir='ltr'> </span> 
     </span>
    </p>
   </div>
  </div>
 </body>
</html>
