3016 5310
10 4514 14 4541 l

52 689 156 753 animi
183 710 343 752 novarum
369 710 478 752 rerum
502 688 629 776 cupidi.
662 700 698 753 ut
727 689 872 776 plerique
903 714 961 778 pro
993 689 1205 755 facultatibus

52 797 120 858 iam
146 818 211 858 non
237 794 341 859 solum
365 794 470 879 italas,
495 798 579 861 sicut
601 809 713 880 antea,
745 796 800 860 sed
833 800 1004 884 praecipue
1032 820 1208 883 germanas

54 901 199 984 scholas,
224 901 394 988 plerasque
417 902 492 966 fidei
517 902 696 968 catholicae
720 905 884 986 inimicas,
908 905 1114 991 frequentare
1139 928 1202 969 non

53 1008 256 1073 dubitarent.
280 1009 409 1089 Qriibus
433 1010 680 1075 difficultatibus
704 1010 966 1097 Sigismundusl
990 1035 1049 1075 rex
1069 1033 1203 1075 succur-

53 1138 149 1196 rens„
182 1139 256 1179 eum
289 1127 320 1180 et
344 1116 450 1181 edicto
475 1119 631 1183 vetuisset
655 1123 694 1197 (a.
722 1120 827 1199 1534),
859 1141 899 1183 ne
930 1120 1064 1183 iuvenes
1096 1119 1202 1206 poloni

54 1223 241 1286 studiorum
265 1245 365 1288 causa
389 1226 682 1310 peregrinarentur,
707 1237 738 1290 et
761 1249 846 1289 anno
866 1236 938 1312 post
954 1227 1066 1309 (1535)
1083 1227 1203 1290 consti-

55 1331 181 1411 tuisset,
206 1340 242 1393 ut
266 1330 464 1416 professores
488 1333 521 1394 in
547 1333 758 1397 universitate
782 1334 982 1397 cracoviensi
1003 1334 1120 1419 viginti
1145 1356 1201 1396 an-

55 1459 115 1499 nos
140 1438 268 1500 emeriti
292 1437 449 1501 nobilium
482 1438 586 1501 ordini
620 1441 875 1523 ascriberentur,
907 1463 1020 1526 parum
1053 1440 1201 1525 profecit3

55 1545 134 1628 quin
160 1545 259 1607 etiam
285 1545 352 1630 ipse
376 1545 517 1609 edictum
544 1547 583 1609 de
603 1548 783 1635 peregrinis
799 1546 918 1610 sobolis
935 1546 1093 1610 adeundis
1110 1546 1206 1610 brevi·

55 1662 128 1735 post
154 1650 270 1739 Royzii
294 1652 327 1713 in
353 1651 518 1716 Poloniam
543 1653 721 1717 adventum
746 1676 773 1716 a.
797 1654 881 1718 1543
905 1654 1094 1739 antiquavit.

165 1759 319 1824 Ceterum
342 1760 376 1822 iu
400 1759 474 1823 fidei
496 1761 714 1844 integritatem
738 1760 1022 1846 institutorumque
1046 1758 1202 1824 ecclesiae

56 1866 284 1929 auctoritatem
317 1888 381 1930 non
413 1865 517 1929 solum
549 1867 683 1930 iuvenes
719 1877 788 1929 tum
823 1867 856 1929 in
891 1865 1025 1930 Polonia
1060 1866 1206 1930 studiose·

56 1972 275 2057 inquirebant,
307 1975 406 2037 immo
430 1974 537 2037 omnia
562 1974 800 2059 conspirabant,
823 1996 906 2059 quae
931 1996 998 2036 rem
1021 1973 1106 2038 hauc
1122 1995 1202 2038 cun-

56 2079 125 2162 etis,
151 2078 258 2143 doctis
274 2081 371 2144 etiam
389 2082 587 2166 summisque
611 2082 643 2143 in
668 2103 702 2145 re
733 2080 864 2167 publica
896 2082 986 2159 viris,
1018 2080 1202 2144 considera-

56 2185 142 2249 tione
167 2184 302 2270 dignam
327 2186 508 2251 redderent.
545 2189 662 2251 Pravis
685 2188 772 2251 enim
795 2188 951 2251 institutis
979 2187 1208 2273 corruptisque

59 2291 264 2356 sacerdotum
297 2294 442 2359 moribus
475 2294 671 2358 medendum
703 2318 773 2359 esse
804 2296 870 2358 iam
900 2294 1025 2357 dudum
1056 2292 1200 2379 plerique

59 2399 312 2484 consentiebant,
336 2400 524 2486 dogmatum
549 2403 724 2466 auctoritas
748 2413 780 2466 et
804 2402 905 2465 Hussi
930 2412 961 2465 et
977 2400 1114 2464 aliarum
1132 2423 1202 2465 sec-

58 2517 163 2569 tarum
197 2505 355 2570 doctrinis
386 2530 490 2594 nuper
521 2507 688 2594 paululum
720 2521 789 2572 erat
813 2509 997 2589 imminuta3
1033 2509 1099 2570 iam
1123 2528 1202 2570 vero

60 2626 228 2699 postquam
252 2614 377 2679 Luther
400 2626 509 2702 aperte
533 2615 573 2680 ab
598 2616 737 2680 ecelesia
768 2638 902 2679 romana
933 2614 1061 2698 defecit,
1096 2636 1201 2699 nequo

60 2720 160 2784 solum
187 2732 363 2786 sectatores
379 2734 411 2786 et
427 2724 613 2806 imitatores,
638 2745 752 2787 verum
770 2723 867 2786 etiam
883 2722 1070 2786 defensores
1087 2731 1200 2784 eontra

62 2827 157 2913 ipsius
184 2829 326 2892 caesaris
351 2852 442 2892 arma
464 2831 607 2909 invenit,
642 2831 739 2894 etiam
763 2830 809 2914 ei,
844 2830 898 2916 qui
922 2827 1068 2915 plerique
1098 2850 1205 2913 neque

63 2934 202 3000 luthero
238 2935 402 3019 favebant,
436 2959 539 3023 neque
570 2937 610 3002 ab
649 2938 770 3001 unitate
806 2958 939 2999 romana
962 2934 1144 2999 desciscere
1168 2934 1200 2996 in

62 3044 182 3107 animos
207 3041 425 3128 inducebant,
460 3045 589 3108 venisse
620 3043 750 3107 tandem
787 3044 943 3107 rebantur
966 3053 1104 3128 tempus,
1138 3063 1202 3126 quo

62 3151 174 3213 vitiosa
200 3169 275 3213 curn
296 3151 341 3215 rei
357 3149 509 3237 publicae
525 3150 693 3215 commodo
710 3150 874 3215 emendari
892 3163 1031 3236 possent.
1059 3147 1202 3212 Aleban-

62 3266 106 3319 tur
128 3255 214 3320 haec
247 3256 354 3321 studia
385 3269 416 3322 et
447 3259 518 3345 ipsa
548 3259 750 3344 antiquitatis
781 3259 1001 3321 institutorum
1030 3254 1200 3340 divulgata

62 3365 168 3427 notitia
198 3375 230 3428 et
253 3365 426 3451 praecipue
450 3365 573 3430 crebris
598 3389 673 3430 cum
698 3364 883 3448 Germania,
907 3363 1099 3427 defectionis
1116 3361 1201 3445 sede,

63 3472 272 3536 commerciis.
307 3471 392 3535 Nam
424 3495 487 3535 non
520 3472 625 3536 sulum
658 3470 768 3535 Poloni
793 3472 928 3535 iuvenes
960 3469 1086 3535 scholas
1117 3468 1201 3534 Ger-

64 3578 184 3641 maniae
203 3576 461 3663 frequentabant,
490 3578 545 3643 sed
563 3581 659 3643 etiam
676 3579 838 3663 gravitate
854 3578 1107 3661 auctoritateque
1124 3597 1201 3639 con-

65 3685 158 3768 spicui
185 3685 250 3747 viri
282 3685 459 3749 amicitiam
492 3707 565 3750 cum
599 3685 702 3749 doctis
733 3683 924 3768 Germanis,
962 3682 1201 3747 reformationis

67 3787 257 3874 fautoribus,
287 3804 320 3855 ut
345 3791 483 3856 Erasmo
505 3791 782 3873 Rotterdamensi,
814 3803 869 3854 aut
898 3788 1130 3868 defensoribus,
1166 3796 1202 3849 ut

67 3893 325 3976 llelanehtbone,
350 3900 464 3962 initam
487 3899 611 3964 crebris
634 3898 827 3963 refovebant
850 3897 983 3974 litteris,
1010 3897 1043 3959 in
1068 3896 1202 3980 ipsaque

69 3999 190 4068 folonia
215 4005 320 4069 coloni
346 4029 386 4069 ex
409 4005 596 4090 Germania,
620 4007 740 4092 passim
760 4005 856 4069 urbes
872 4014 1028 4084 tenentes,
1052 4024 1127 4065 cum
1144 4022 1205 4063 an·

71 4108 146 4195 tique
168 4113 274 4198 patria
299 4113 362 4176 iam
384 4123 586 4178 mercaturae
603 4113 782 4177 rationibus
800 4111 974 4193 coniuncti,
996 4109 1090 4195 proni
1108 4117 1201 4171 erant

75 4213 274 4304 adexempla
298 4219 537 4284 Germanorum
562 4219 728 4283 imitanda.
753 4222 858 4305 Atque
881 4219 951 4303 ipso
976 4216 1042 4280 fere
1066 4238 1103 4279 eo
1119 4227 1203 4278 tem-

77 4339 143 4400 pore.
166 4348 228 4411 quo
251 4325 411 4414 Royainm
437 4325 630 4392 Oraooviam
654 4327 783 4389 venisse
807 4325 960 4406 diximus,
992 4321 1205 4406 agitabantur

10 4430 12 4435 ’
79 4423 128 4488 lam
149 4430 179 4492 iu
210 4454 249 4495 ea
282 4433 360 4498 urbe
391 4457 448 4520 per
479 4433 619 4498 circulos
651 4433 733 4498 clam
764 4431 900 4495 consilia
923 4428 1093 4494 novandae
1117 4427 1206 4510 fidei,

81 4528 217 4618 imprimis
251 4563 327 4605 vero
353 4542 385 4604 in
410 4541 504 4605 domu
530 4542 660 4604 loannis
683 4539 830 4621 Tricesii,
859 4538 944 4602 docti
971 4537 1033 4599 viri
1056 4534 1201 4619 discipu-
