3016 5310
808 468 885 503 PETRI
905 467 993 502 Rom!

437 664 551 748 Istule‚
573 662 715 729 velivolo
737 685 802 750 qua
825 685 859 728 se
882 662 980 728 infert
1002 661 1152 749 proxime
1173 670 1282 748 ponto,

439 769 552 855 Istula,
575 771 708 856 navigio
731 769 897 834 submotas
919 791 1004 856 quae
1026 767 1144 833 educet
1167 767 1275 833 urbes.

528 876 615 942 Ante
637 876 718 942 alios
739 875 872 963 praesul
897 876 1001 962 surgit
1024 875 1188 940 Biliniusl
1211 896 1333 959 omnes,

438 982 576 1048 Artibus
598 985 777 1049 instructus
801 984 911 1069 sacris,
933 982 1120 1069 Paulusque
1142 983 1267 1069 peritus

327 1112 402 1155 sis.
441 1090 589 1154 Iustitiae
611 1089 852 1155 Mancolinius²
874 1091 1029 1176 iurisque,
1051 1089 1139 1176 quod
1161 1089 1239 1154 olim

438 1195 609 1261 Addidioit
632 1196 774 1283 vigilans
796 1198 963 1283 fixumque
986 1197 1021 1260 in
1043 1206 1174 1283 pectore
1196 1205 1311 1282 gestat.

527 1304 569 1368 Et
592 1312 638 1389 tu,
662 1303 813 1391 Glogovi
837 1303 949 1369 doctas
973 1304 1028 1369 oui
1050 1303 1146 1368 Musa
1168 1325 1227 1390 per
1250 1313 1337 1368 ortes

440 1409 540 1476 Ferre
562 1409 652 1477 dedit
674 1434 743 1476 sese
765 1433 938 1497 rerumque
961 1432 1082 1476 arcana
1104 1410 1231 1495 retexit,

437 1517 554 1603 Dictis,
577 1540 716 1604 namque
738 1527 837 1604 potes,
859 1517 973 1582 latiam
995 1517 1045 1582 fer
1067 1518 1102 1581 in
1125 1516 1257 1582 aethera
1280 1515 1409 1598 famam,

329 1644 406 1687 eso.
441 1622 530 1702 Quid
553 1624 639 1689 docti
664 1624 804 1708 valeant,
826 1644 868 1689 ne
890 1626 1017 1710 ignoret
1040 1623 1151 1708 Roma,
1174 1623 1299 1689 Poloni.

527 1730 574 1795 Te
586 1752 713 1817 quoque
726 1752 845 1817 magns
857 1741 975 1816 manet,
986 1729 1139 1815 Gosliei⁸‚
1150 1729 1213 1795 hoc
1222 1731 1311 1794 sume
1320 1741 1464 1795 secutum

439 1835 566 1922 Rumpe
589 1858 704 1921 moras,
735 1860 839 1924 neque
863 1839 950 1902 enim
973 1836 1085 1902 docuit
1107 1847 1139 1902 te
1163 1835 1323 1903 Scaevola
1356 1837 1465 1900 frustra

438 1942 582 2007 Victoris
604 1943 715 2029 populi
739 1945 944 2009 sanctissime
967 1945 1039 2008 iura
1062 1943 1200 2023 Quirini.

529 2048 637 2128 Quam
659 2072 745 2115 novo
769 2061 910 2114 sectetur
933 2052 1034 2115 nostri
1058 2050 1173 2116 deliria
1196 2049 1297 2115 saecli

330 2176 405 2219 sse.
440 2154 714 2242 Bartholomaeus,
738 2166 825 2221 amat
848 2180 912 2244 quo
934 2157 1009 2243 plus
1032 2158 1175 2223 sacraria
1197 2180 1302 2240 nemo,

440 2262 604 2327 Nisoicius
628 2264 724 2328 citius
747 2266 914 2350 vitamque
936 2265 1142 2350 animumque
1164 2263 1353 2351 profundet,

440 2368 568 2456 Quique
591 2369 646 2434 alii
669 2370 760 2457 largo
784 2381 849 2456 tuo,
872 2371 992 2456 Plooie‚
1016 2371 1136 2458 templa
1158 2380 1319 2457 vaporant

438 2475 526 2540 Ture
547 2477 719 2564 Deumque
744 2478 854 2543 colunt
877 2489 1005 2564 patrum
1028 2478 1069 2542 de
1092 2500 1180 2543 more
1203 2477 1379 2557 Quiritum.

527 2582 601 2647 Non
620 2583 675 2649 hio
698 2584 917 2649 Dniadusius4
940 2586 1053 2669 iustus,
1076 2584 1256 2670 Premisliu
1279 2583 1408 2672 praesul

331 2709 405 2752 eso.
441 2690 483 2753 Et
507 2691 579 2776 pius
602 2690 657 2755 illc
680 2702 764 2776 tuus,
788 2691 868 2754 mihi
890 2691 1154 2778 praetereundus,
1177 2702 1208 2756 et
1232 2692 1328 2778 nequi

440 2797 483 2860 Et
506 2797 582 2861 iusti
606 2798 787 2880 consultum
810 2821 848 2863 oo
871 2821 936 2862 non
959 2799 1136 2884 promptior
1158 2797 1240 2863 alter

441 2903 564 2968 Sectari
588 2907 736 2991 antiquos
760 2907 905 2991 ritusque
928 2905 1056 2970 auferre
1079 2904 1234 2970 novellos.

528 3010 658 3075 Uohani
670 3016 690 3096 ⁵,
714 3035 774 3077 nec
796 3022 828 3076 te
850 3013 986 3077 tacitum
1009 3012 1233 3099 indictumque
1255 3011 1440 3098 relinquam.

440 3117 547 3196 Quom
570 3117 662 3182 labor
684 3130 814 3184 exercet
837 3119 1018 3183 studiorum
1041 3129 1073 3184 et
1097 3118 1215 3183 nobilis
1238 3119 1292 3205 oti⁷

331 3244 406 3287 visso.
442 3225 587 3288 Exosum
611 3225 733 3292 resides
757 3227 882 3290 animos
905 3237 936 3290 et
960 3227 1072 3312 segnia
1096 3226 1203 3311 cordo,
1226 3264 1271 3273 ——

440 3332 620 3396 Doctorum
643 3343 777 3419 patrone
800 3333 915 3419 ingens
939 3355 1074 3419 quoque,
1098 3332 1213 3398 doctus
1236 3343 1268 3397 et
1291 3333 1370 3420 ipse,

439 3437 574 3524 Doctus,
597 3462 679 3526 quee
702 3441 818 3526 priscis
840 3438 1014 3526 prudentio
1037 3439 1170 3526 protulit
1193 3439 1296 3523 aunis,

439 3545 565 3610 Doctus
589 3555 629 3631 ct,
652 3557 781 3611 aeterno
805 3568 888 3633 quae
911 3546 1021 3611 debito
1044 3568 1137 3611 sacra
1159 3545 1313 3628 Tonant13
1337 3585 1381 3594 —-

438 3651 514 3731 Quo
538 3654 642 3739 poscit
665 3655 777 3739 pietus,
800 3677 866 3718 non
890 3653 956 3718 ullo
980 3653 1109 3739 segnior
1131 3651 1203 3737 ibis,

442 3900 523 3954 'sive
551 3902 680 3956 Bielir'rski
710 3907 831 3962 lacobus,
862 3904 1002 3969 episcopus
1027 3902 1256 3965 lacedaemonius,
1289 3901 1469 3968 suffraganeus

333 3989 474 4054 luccensis,
495 3993 611 4055 Ioannis,
631 3993 748 4059 episcopi
767 3993 902 4044 Plocensie
921 3995 948 4056 (†
967 3991 1048 4055 1546)
1066 3993 1151 4042 freter
1169 3999 1236 4041 netu
1254 3989 1347 4043 meior.

443 4079 547 4134 ”Confi
568 4097 590 4131 r.
612 4080 671 4134 706.

442 4166 452 4195 ⁸
471 4170 582 4220 Videtur
601 4188 658 4222 esse
678 4171 810 4222 Martinus
829 4169 958 4230 certiori,
984 4173 1018 4221 ob
1037 4170 1103 4219 iuris
1121 4168 1246 4235 peritiam
1265 4166 1355 4218 clerus
1378 4169 1472 4218 Bonae·

332 4273 385 4321 que
404 4258 513 4323 reginus
532 4268 666 4325 aceeptus.
686 4262 761 4309 Cous.
782 4257 940 4321 Ossoliriski‚
960 4259 1046 4308 Wiud.
1066 4257 1128 4307 hist.
1149 4257 1219 4321 kryt.
1239 4258 1274 4307 11.

440 4345 450 4373 ⁴
468 4348 581 4398 Ioannes
601 4348 756 4411 Dzinduski,
776 4349 915 4413 episeopus
934 4347 1124 4411 premisliensis
1144 4362 1185 4397 ee.
1207 4343 1395 4399 loto-1559.

443 4434 585 4488 ⁶lseobus
610 4436 758 4500 Uenerium,
787 4440 822 4488 ab
851 4454 874 4489 a.
903 4436 971 4488 1552
997 4437 1137 4502 episcopus
1161 4435 1332 4499 chelmensis,
1357 4451 1382 4487 e.
1409 4432 1473 4487 1557

329 4523 474 4591 episcopus
493 4526 663 4591 ouievisnsis,
682 4543 706 4577 e.
726 4525 902 4579 1562-1581
922 4525 1138 4592 archiepiscopus
1157 4525 1324 4591 gnesnensis.
