3016 5310
656 447 733 480 rara!
753 446 839 480 ROYle

180 527 472 535 ..-...-...----,..
527 528 639 533 —-.
671 528 677 533 .
700 529 798 534 .--,..
824 519 1037 536 ...—-.-.;
1076 532 1314 543 .*-—

286 639 362 704 Huc
385 639 527 725 illucque
551 661 661 724 vagos,
685 638 825 703 stimulis
849 662 910 705 nec
933 643 1037 727 parcit
1061 643 1175 708 acutis,

286 744 352 825 Qui
374 745 471 810 modo
495 768 560 810 non
582 768 679 809 auras
702 746 829 831 tulerat,
853 770 933 833 quas
957 749 1040 812 rimo
1064 750 1209 816 fenestra

285 853 417 939 Exigua
440 852 590 937 admittit,
615 875 703 917 nunc
727 854 850 939 campis
874 853 978 918 laetus
1002 858 1124 941 apertis

184 981 253 1025 raa.
288 959 408 1025 Tendit
430 961 492 1024 iter
514 960 660 1045 caelique
682 961 789 1024 minas
812 970 843 1026 et
867 961 989 1046 frigora
1012 964 1136 1027 temnit.

377 1068 543 1153 Aspexere
566 1068 674 1132 virum
698 1069 805 1154 superi
829 1069 997 1154 gnatique,
1020 1069 1099 1155 quid
1123 1071 1179 1136 ille

287 1173 439 1240 Consiliis
463 1174 563 1259 agitet
586 1175 716 1258 sanctis,
740 1197 822 1260 quae
846 1175 977 1240 foedera
1000 1177 1123 1262 iungat,

287 1279 461 1364 Adiuvere,
485 1281 602 1344 animis
625 1281 724 1345 robur
746 1281 963 1368 membrisque
987 1282 1114 1348 dedere.

285 1386 425 1451 Publica
447 1409 498 1452 res
523 1388 678 1472 curanda,
702 1399 834 1453 manent
856 1411 915 1452 sua
938 1390 1083 1475 praemia
1106 1390 1206 1475 cives,

184 1515 253 1559 180.
286 1492 403 1559 Salvus
427 1493 518 1559 adest
542 1493 681 1578 Samuel,
705 1495 823 1559 multos
847 1497 994 1560 victurus
1017 1496 1051 1559 in
1075 1519 1188 1562 annos.

377 1600 524 1665 Audebis
547 1600 690 1687 posthac,
715 1612 815 1686 vates,
839 1603 1010 1667 mendacia
1033 1603 1133 1688 vulgo

289 1706 448 1793 Spargere
470 1730 679 1793 rumoresque
702 1708 804 1772 malos
827 1719 858 1774 et
882 1708 1019 1774 funebre
1042 1708 1191 1794 verbum,

288 1812 438 1880 Crudelis
461 1824 560 1898 vates,
585 1814 727 1880 crudelis
750 1825 781 1880 et
804 1815 903 1901 impie
924 1816 1039 1881 vates?

289 1922 460 2007 Aspiciant
484 1921 616 2005 utinam,
641 1922 675 1985 in
698 1944 782 2008 quae
803 1932 838 1985 tu
863 1923 1017 1987 mentitus
1041 1944 1084 2006 es,
1108 1932 1198 1986 astra

184 2049 252 2093 185.
289 2027 406 2113 Solque
428 2038 528 2114 pater,
552 2027 725 2114 lumenque
748 2038 868 2114 negent
890 2029 1054 2114 vitamque
1077 2028 1138 2093 tibi
1160 2029 1216 2113 Di,

289 2133 454 2221 Supplicio
478 2134 673 2220 abrumpant
696 2157 792 2199 saevo
815 2134 1011 2222 volvuntque
1035 2135 1095 2199 sub
1121 2135 1253 2201 umbras

289 2241 531 2323 Semianimem3
555 2252 657 2306 taeter
679 2241 788 2306 videat
810 2251 867 2306 tua
891 2242 1007 2306 funera
1029 2242 1134 2326 Plut0,

288 2348 507 2435 Crudelesque
530 2348 636 2413 obitus
661 2349 785 2438 stygias
809 2347 1003 2414 Acherontis
1027 2349 1069 2413 ad
1092 2348 1200 2413 undas

288 2454 463 2541 Tisiphone
486 2455 618 2521 insultet
640 2456 742 2520 tristis
764 2466 936 2542 torvosque
960 2455 1110 2520 colubros

186 2583 254 2626 140.
289 2561 442 2625 Intendat
464 2563 647 2643 metuenda,
670 2574 806 2647 ruatque
830 2562 863 2625 in
888 2562 1023 2626 verbera
1045 2584 1213 2649 praeceps,

289 2669 327 2732 In
352 2691 546 2755 saevamque
570 2691 683 2734 necem
706 2681 799 2734 vocet
823 2671 954 2755 agmina
977 2669 1049 2732 dira
1072 2691 1232 2751 sorornm;

289 2775 506 2840 Exhalantem
530 2777 672 2840 animaru
696 2777 834 2861 accipiat
858 2777 1022 2861 vitamque
1044 2786 1236 2860 vomentem,

288 2882 447 2947 Cerberus
470 2894 501 2946 et
524 2895 590 2946 toto
613 2893 644 2947 te
668 2882 801 2948 devoret
824 2906 879 2947 ore
902 2882 1042 2964 trifauci,

288 2989 437 3054 Crudelis
459 3000 559 3072 vates,
583 2990 724 3055 crudelis
748 3000 779 3055 ct
803 2991 901 3075 impie
924 2991 1032 3053 vates!

185 3116 253 3159 us.
378 3096 479 3159 Vivat
503 3095 611 3162 adhuc
635 3096 774 3180 Samuel,
798 3098 888 3161 vivat
912 3106 1104 3182 superetque
1123 3117 1183 3182 per
1198 3114 1317 3160 aevum

289 3202 343 3268 Sic
366 3202 472 3287 urbes,
495 3204 639 3291 populos,
663 3205 711 3268 sic
735 3213 876 3267 sarmata
899 3224 1030 3289 poscere
1053 3224 1164 3288 regna,

288 3309 489 3375 Candentem
511 3334 576 3397 qua
600 3311 697 3375 infert
721 3310 862 3396 aquilam
887 3308 1081 3375 Sismundus
1104 3319 1241 3397 uterque

288 3417 403 3481 Victor
427 3428 569 3504 uterque,
593 3427 685 3504 pater
707 3429 866 3503 natusque
889 3417 1031 3481 invictus
1055 3419 1204 3502 uterque!

619 3987 665 4040 Ad
687 3986 873 4040 cracoviam.

287 4167 325 4229 In
352 4165 500 4230 Samuele
524 4177 580 4228 tuo
603 4175 783 4250 postquam,
807 4162 973 4245 Cracovia,
998 4160 1104 4225 cernis

341 4274 462 4339 Cedere
486 4272 677 4357 contemptis
701 4271 810 4334 omnia
833 4267 1001 4352 sideribus,

289 4381 444 4468 Quaeque
468 4379 588 4444 dabam
612 4376 762 4460 tumulos,
786 4375 899 4439 cadem
923 4374 1001 4439 dare
1025 4372 1132 4437 sidera
1155 4373 1260 4438 vitam

342 4490 385 4553 Et
408 4488 485 4552 dare
508 4509 566 4574 pro
589 4485 673 4549 tristi
698 4484 812 4548 funere
832 4482 1001 4546 laetitiam:
