2948 5302
635 470 791 505 ruanrarro.
1051 467 1056 476 ⁴
1172 441 1286 501 uxxul

152 663 243 747 amat
266 677 303 727 ut
326 663 500 748 offendant,
525 675 560 729 ut
578 665 677 729 etiam
699 666 845 728 suaviter
859 664 1006 728 afficiant
1022 661 1198 749 legentium
1215 662 1286 726 ani-

152 793 230 853 mes,
262 792 329 834 non
353 771 483 836 aberrat
506 773 593 837 enim
617 771 774 836 imitando
797 782 891 857 poeta
915 771 955 835 ab
979 770 1172 856 argumento
1194 772 1288 850 insti-

152 887 257 941 tutave
280 879 415 961 ratione
446 878 503 944 sed
533 878 624 965 quasi
649 879 755 944 obiter
786 889 859 965 apte
890 879 995 963 tangit
1026 888 1223 964 revocatque
1252 879 1286 942 in

152 985 337 1048 memoriam
360 985 538 1051 celebratos
561 986 635 1050 illos
658 989 864 1072 antiquorum
888 985 985 1059 locos,
1010 982 1172 1051 interdum
1188 987 1286 1049 etiam

152 1091 186 1153 sd
209 1094 488 1178 comparationem
510 1095 634 1179 ingenii
658 1095 707 1158 sui
732 1116 807 1157 cum
830 1091 971 1179 antiquis
992 1094 1132 1157 invitare
1148 1091 1288 1156 videtur.

152 1197 256 1262 Veluti
280 1221 357 1263 curn
380 1224 412 1264 v.
436 1203 478 1266 33
502 1199 831 1282 Querelae'manium
856 1200 1008 1265 undecim
1032 1201 1070 1285 (Ι,
1095 1200 1173 1283 293)
1197 1220 1288 1287 repe-

152 1319 259 1369 :untur
281 1306 379 1373 haec:
407 1311 494 1392 „Dat
511 1311 648 1388 'veniam
671 1310 788 1393 corvis,
812 1319 912 1373 vexat
935 1330 1074 1373 censura
1091 1307 1287 1390 columbas“‚

152 1423 176 1475 et
198 1423 276 1499 apte
300 1416 466 1500 proverbii
490 1415 560 1481 loco
584 1415 751 1481 Iuvenalis
774 1439 906 1481 versum
931 1417 986 1500 (ΙΙ,
1004 1417 1057 1494 63)
1075 1416 1233 1502 usurpari,
1257 1427 1288 1478 ot

152 1517 371 1605 'mdignatione
393 1521 450 1586 illa
474 1524 597 1609 antiqui
621 1535 734 1610 poetae
765 1524 858 1608 quasi
890 1523 1081 1587 resuscitata
1110 1523 1288 1586 sententiae

152 1627 215 1689 vim
240 1627 432 1714 pondusque
454 1631 567 1715 augeri
589 1632 756 1695 sentimus.
796 1630 887 1694 Idem
920 1630 1139 1694 confitendum
1168 1640 1218 1692 est
1248 1628 1289 1692 de

152 1734 191 1796 eis
215 1732 307 1818 locis
331 1735 449 1821 quibus
472 1759 537 1800 non
561 1739 635 1800 totis
651 1737 858 1822 antiquorum
876 1738 1054 1820 sententiis,
1077 1736 1134 1799 sed
1151 1736 1288 1821 singulis

152 1841 257 1905 serbis
288 1841 568 1930 locutionibusque
606 1845 749 1932 Royzius
788 1843 830 1906 ad
866 1864 925 1907 sua
959 1843 1148 1907 exornanda
1180 1845 1288 1907 utitur.

152 1948 228 2011 llam
254 1971 295 2012 ne
320 1949 446 2015 duobus
470 1951 600 2038 quidem
624 1950 689 2014 illis
713 1952 826 2038 primis
854 1951 895 2014 ad
920 1950 1131 2015 Vincentium
1159 1951 1289 2015 Pontico

152 2057 256 2119 missis
281 2058 482 2123 carminibus
505 2059 561 2142 (ΙΙ,
585 2061 650 2124 390
666 2065 754 2145 sqq),
778 2059 955 2144 inquibus,
979 2059 1048 2122 sive
1064 2059 1169 2122 nuntii
1187 2059 1289 2143 ipsius

152 2162 265 2226 studiis
288 2165 478 2249 obsecutus,
509 2168 579 2231 sive
603 2166 813 2230 ostentandae
837 2165 1029 2229 eruditionis
1061 2188 1138 2228 suae
1165 2165 1289 2228 ratione

152 2281 337 2353 commotus
369 2273 463 2336 solito
488 2272 556 2338 fere
579 2273 727 2338 crebrius
752 2274 853 2337 utitur
876 2273 1017 2358 antiquis
1041 2272 1192 2336 dictionis
1217 2272 1291 2335 llos-

152 2376 240 2459 culis,
265 2378 387 2441 iustum
409 2380 543 2443 modum
566 2382 745 2445 excessisse
769 2380 911 2444 videtur:
940 2381 985 2443 ita
1010 2379 1177 2442 commode
1201 2390 1291 2464 apte-

152 2506 209 2569 que
232 2486 349 2548 inserit
366 2486 502 2572 singula
525 2487 632 2551 aliena
655 2488 731 2550 suis.
766 2484 805 2550 ln
831 2488 1019 2550 universum
1044 2485 1290 2549 aestimantibus

152 2593 181 2654 in
205 2591 383 2656 uerborum
407 2592 533 2658 delectu
566 2594 607 2657 ad
633 2593 768 2679 Vergilii
794 2595 940 2658 carmina
963 2594 1151 2680 saepissime
1175 2593 1291 2656 ‹lever-

152 2699 202 2781 tit,
232 2698 332 2784 paulo
354 2702 460 2764 rarius
485 2721 657 2765 revocatur
688 2702 721 2765 in
753 2703 941 2765 memoriam
971 2700 1142 2782 Horatius,
1173 2698 1291 2763 deinde

152 2805 209 2871 lrac
233 2804 312 2871 illac
335 2809 432 2871 etiam
456 2809 619 2893 Lucanus⁷
643 2809 783 2891 Persius,
800 2808 952 2891 Ovidius,
969 2809 1151 2888 Lucretius,
1167 2808 1291 2889 Cicero

152 2912 325 2980 Suetonius
348 2927 444 3000 atque
467 2916 608 2981 Tacitus.
633 2915 686 2979 Ad
704 2915 887 2999 Vergilium
911 2915 1020 2979 rettuli
1037 2916 1070 2977 in
1088 2937 1159 2978 mea
1176 2912 1292 3000 polona

152 3020 379 3086 dissertatione
401 3033 433 3087 et
456 3024 489 3086 in
514 3025 745 3087 commentario
768 3033 859 3087 textu
884 3022 981 3085 huius
1004 3021 1154 3085 editionis
1181 3020 1292 3085 addito

152 3128 224 3214 plus
248 3127 368 3214 viginti
392 3129 496 3208 locos,
528 3130 569 3194 ad
595 3131 767 3193 Horatium
792 3131 861 3195 fere
886 3140 1024 3216 septem,
1053 3127 1197 3213 singulos
1221 3125 1292 3214 plu-

152 3257 245 3300 resve
269 3235 311 3298 ad
336 3247 460 3300 ceteros
484 3259 586 3323 neque
610 3249 718 3301 tamen
744 3238 865 3320 dubito,
888 3239 979 3323 quin,
1011 3237 1038 3298 si
1062 3237 1133 3322 quis
1158 3257 1291 3301 accura-

152 3344 216 3406 tius
240 3343 275 3405 in
299 3365 372 3406 eam
389 3366 457 3408 rem
473 3345 688 3431 inquisiverit,
705 3345 798 3430 plura
815 3348 913 3408 etiam
931 3345 1136 3430 antiquorum
1154 3344 1293 3427 vestigia

152 3452 190 3513 sit
214 3449 420 3514 inventurus.
453 3450 605 3537 Singulos
629 3452 768 3537 denique
791 3452 992 3516 Graecorum
1017 3462 1181 3537 poetarum
1206 3449 1293 3513 lomus

152 3555 296 3645 Royzius
322 3558 418 3620 etiam
442 3558 552 3621 latinis
575 3560 724 3623 versibus
749 3559 916 3644 expressit,
941 3568 976 3621 ut
996 3558 1130 3621 Homeri
1147 3556 1202 3638 (ΙΙ,
1219 3557 1293 3640 492,

152 3664 249 3743 XIV3
275 3663 360 3727 conf.
384 3665 428 3739 II,
454 3666 526 3749 135,
549 3667 620 3747 IV),
647 3666 777 3729 Hesiodi
797 3667 852 3748 (II,
868 3669 931 3729 491
951 3689 1005 3751 sq.‚
1022 3666 1091 3729 XII
1108 3664 1295 3750 εᾳ.>,Τ1]εο-

152 3770 262 3855 gnidis
286 3771 344 3854 (ΙΙ,
356 3774 422 3837 489
434 3776 500 3858 sq.).
525 3774 800 3858 [austeriorumquo
820 3772 1038 3856 Anthologiae
1054 3783 1221 3835 auctorum
1239 3771 1295 3852 (ΙΙ,

152 3879 217 3942 489
241 3898 323 3963 sqq.;
346 3879 421 3963 465,
445 3880 501 3961 II).
526 3882 563 3943 In
589 3881 787 3943 carminibus
812 3881 879 3942 suis
903 3879 1023 3942 diserte
1047 3878 1237 3963 provocavit
1252 3877 1294 3939 ad

152 3985 338 4049 Aristotelis
362 3986 417 4069 (II,
441 3984 516 4070 476,
540 3987 721 4070 XXXIX),
744 3987 888 4050 Platonis
913 3984 1203 4070 (1147411101),
1228 3987 1295 4049 Hu-

156 4091 271 4177 ripidis
294 4092 351 4175 (ΙΙ,
374 4095 448 4175 479,
472 4095 554 4176 LV),
579 4095 785 4180 Hippocratis
803 4093 858 4178 (II,
875 4097 950 4177 423,
970 4094 1101 4172 XXIV)
1119 4094 1295 4156 sententias

156 4208 188 4261 et
217 4198 259 4261 ad
282 4199 451 4264 Ciceronis
481 4201 692 4287 epistularum
725 4200 766 4264 ad
792 4203 938 4264 Atticum
969 4202 1164 4285 scriptarum
1187 4197 1295 4263 locum

158 4304 210 4386 (Π,
233 4308 308 4390 216,
333 4305 385 4386 V).
410 4307 535 4372 Habuit
557 4310 653 4372 etiam
679 4309 711 4370 in
736 4308 886 4372 manibus
909 4308 1084 4372 editionem
1102 4307 1295 4391 scriptorum

164 4412 207 4473 rei
227 4411 386 4478 militaris.
410 4437 473 4500 qua
497 4415 667 4500 Vegetius,
691 4415 795 4479 Iulius
812 4416 998 4498 Frontinus,
1023 4413 1181 4476 Aelianus
1197 4411 1297 4476 latine

169 4515 304 4583 redditus
326 4530 358 4585 et
374 4520 478 4585 falsus
493 4521 550 4586 ille
565 4522 732 4587 Modestus
748 4521 998 4586 continebantur
1015 4522 1071 4604 (ΙΙ,
1090 4521 1152 4585 199
1170 4543 1215 4607 sq.
1232 4519 1297 4598 24).
