3016 5310
679 466 836 504 raanrarto.
1255 456 1333 505 xvu

187 665 247 727 180
270 662 322 726 cb.
355 665 418 726 106
442 667 509 748 sq),
543 663 641 726 etiarn
665 665 716 726 ius
741 664 943 727 canonicum.
969 664 1024 727 Ius
1050 687 1217 727 romanum
1249 666 1330 729 tanti

185 770 337 852 faciebat,
363 781 398 832 ut
421 792 458 832 eo
482 792 540 855 pro
564 768 677 853 gentili
704 770 859 834 utendum
885 770 937 834 vel
968 782 1055 835 certe
1086 771 1217 855 gentilis
1249 774 1330 835 iuris

183 876 333 940 defectus
358 878 426 962 ipso
444 875 630 940 sarciendos
646 899 716 940 esse
733 875 863 940 Polonis
879 876 1075 962 persuadere
1092 900 1154 941 uon
1172 879 1334 942 intermit-

181 996 272 1048 teret.
310 985 425 1069 Neque
449 995 556 1047 tamen
586 983 819 1069 praelectiones
843 1007 918 1047 suas
943 986 1039 1048 anxie
1064 985 1272 1070 professionis
1296 985 1333 1048 fi-

181 1091 278 1154 nibus
297 1114 373 1154 eum
399 1091 702 1174 circumscripsisse,
731 1089 787 1152 sed
812 1101 843 1153 et
867 1089 1060 1154 Polonorunr
1077 1091 1332 1155 Germanorum-

179 1222 238 1284 que
264 1197 451 1279 singularia
474 1198 623 1259 instituta
646 1207 677 1260 et
700 1197 826 1259 litteras
854 1199 1325 1283 antiquasrespexisse‚i1nma

183 1328 261 1369 vero
286 1306 450 1367 orationes
475 1326 550 1366 suas
586 1303 627 1365 ad
659 1303 790 1366 modurn
824 1304 942 1367 .llciati
968 1305 1183 1390 praeceptoris
1208 1306 1330 1369 crebris

182 1413 392 1496 antiquorum
417 1421 586 1473 auctorum
603 1411 826 1495 imprimisque
845 1422 1009 1495 [uictarum
1029 1410 1106 1474 locis
1129 1414 1330 1496 pcr·texuisse

182 1520 322 1603 probant
348 1517 539 1579 Decisiones
565 1515 747 1579 lituanicae.
776 1541 857 1601 quas
880 1518 949 1602 ipse
967 1528 1074 1602 postea
1092 1516 1202 1581 edidit.
1241 1518 1329 1596 Quin

182 1625 277 1687 etiam
305 1624 453 1708 poeticen
480 1624 632 1707 privatim
658 1623 806 1686 docuisse
831 1625 969 1707 videtur,
994 1626 1020 1686 si
1044 1624 1176 1709 quidem
1200 1648 1234 1689 se
1259 1627 1331 1692 Sta-

182 1731 275 1793 nislai
295 1730 470 1794 Caracovii
498 1753 572 1811 „erra
590 1729 733 1793 castaliis
750 1732 841 1814 aquis
858 1731 1001 1815 rigasse“
1029 1731 1097 1816 ipse
1125 1732 1157 1793 iu
1184 1733 1328 1795 carmine

183 1837 323 1899 adeum
357 1837 478 1921 scripto
513 1837 569 1919 (II,
609 1839 679 1920 176,
704 1839 758 1917 24)
784 1849 1022 1900 commemorat.
1061 1838 1326 1921 Disputationum

183 1943 260 2007 adeo
286 1953 358 2006 erat
381 1942 545 2005 studiosus
569 1954 600 2005 et
626 1945 756 2028 peritus,
781 1955 815 2006 ut
843 1944 927 2005 hane
958 1944 1159 2028 provinciam
1190 1945 1223 2006 in
1255 1945 1328 2007 uni-

184 2052 335 2114 versitate
360 2049 553 2133 iagellouiea
578 2050 707 2114 abtinde
731 2049 882 2135 implesse
898 2052 939 2112 sit
956 2049 1128 2134 putandus.
1145 2050 1208 2115 Sed
1237 2073 1328 2136 prae—

184 2169 228 2220 ter
251 2157 483 2233 Gar-neovium,
515 2179 610 2242 quem
635 2158 703 2242 ipse
727 2157 907 2220 auditorem
940 2180 1033 2219 sumu
1066 2156 1154 2236 dicit.
1186 2158 1330 2243 discipu-

185 2262 284 2328 lorum
316 2265 387 2326 eius
419 2265 550 2325 nourina
583 2264 786 2345 ignorantur.
817 2263 968 2328 Ceterum
1001 2286 1073 2327 cum
1107 2265 1329 2327 univcrsitatis

185 2371 395 2454 iagellonicae
421 2369 666 2456 professoribus,
691 2369 823 2453 collegis
849 2373 924 2434 suis.
941 2369 1030 2432 nullo
1047 2373 1164 2433 artiore
1190 2371 1330 2434 l'aurilia-

186 2478 286 2539 ritatis
312 2476 447 2540 vinculo
480 2478 672 2540 ‹fotriunctus
706 2478 807 2541 fuisse
839 2477 979 2560 videtur,
1019 2499 1158 2562 ‹rirrnque
1189 2477 1328 2562 plurima

185 2586 328 2646 cariniua
353 2598 382 2647 ct
406 2583 554 2666 longiora
579 2596 609 2646 et
636 2584 784 2648 breviora
802 2584 897 2647 facile
916 2594 1135 2669 componeret,
1160 2586 1325 2649 rarissime

184 2703 286 2754 taurea
315 2693 445 2775 scripsit
469 2702 500 2753 et
533 2690 572 2754 dc.
605 2691 737 2772 collegis
769 2693 836 2754 suis
867 2704 899 2754 et
933 2691 974 2754 dc
1006 2693 1075 2776 ipsa
1108 2692 1326 2762 universitate.

185 2797 266 2875 Quin
280 2799 381 2860 etiarn
394 2799 428 2859 in
441 2797 644 2861 Gaurratum.
658 2796 930 2883 archipraesulem
940 2821 1153 2880 gnesnensem
1172 2798 1328 2861 eundem-

184 2927 240 2989 que
257 2907 449 2990 episcopum
476 2906 715 2969 cracoviensem
734 2917 829 2989 atque
848 2906 1067 2968 univcrsitatis
1085 2903 1327 2989 cancellarium,

185 3033 240 3074 non
259 3036 306 3092 eo,
324 3034 388 3095 quo
407 3034 465 3096 par
481 3024 551 3074 crat
567 3034 636 3074 esse
655 3013 686 3073 in
704 3013 820 3096 ipsum.
836 3014 891 3097 qui
908 3035 980 3075 eum
999 3013 1192 3076 (lracm'iam
1218 3034 1327 3075 arccs-

184 3120 319 3200 sivisset,
343 3119 452 3180 animo
478 3118 547 3179 fuit.
575 3117 706 3181 Publice
722 3117 853 3203 quidem
871 3118 965 3182 editis
983 3118 1191 3200 carminibus,
1224 3142 1326 3203 quan-

184 3236 244 3286 tum
271 3248 325 3287 res
351 3223 516 3308 decusque
540 3225 701 3309 exigebat,
725 3248 799 3288 cum
824 3224 979 3287 laudavit.
1004 3225 1105 3286 fuisse
1128 3235 1245 3308 tamen,
1271 3227 1326 3310 qui

185 3354 212 3393 sc
236 3330 474 3394 maledicorum
498 3332 767 3416 epigrammatum
794 3333 825 3392 in
851 3332 1043 3395 Gauu·atum
1068 3329 1171 3393 (relato
1197 3333 1327 3397 nomme

184 3461 235 3500 suo
249 3439 442 3502 emissorum
458 3448 659 3519 accusarent,
673 3439 741 3522 ipsc
756 3438 1050 3520 corurneuroratffl,
1060 3440 1133 3512 229,
1144 3439 1327 3522 XXXIII).

184 3544 272 3622 florid
308 3546 447 3627 crimen,
482 3567 677 3629 quamquam
713 3545 834 3607 refutat
869 3555 965 3629 atque
996 3556 1178 3609 aversatur.
1218 3561 1325 3610 tamen

185 3653 235 3714 rix
259 3652 301 3714 ab
326 3673 364 3714 eo
389 3652 511 3714 afuisse
535 3653 681 3714 camnine
704 3652 862 3736 qrraedanr
888 3650 993 3714 adhuc
1012 3664 1141 3715 serrata.
1157 3663 1325 3717 testrmtur.

183 3757 259 3821 Nam
286 3770 322 3822 ut
346 3769 546 3843 praeteream
572 3780 625 3841 ca,
657 3781 739 3843 quae
764 3758 865 3821 multa
897 3770 1010 3822 contra
1042 3757 1150 3840 gulam
1183 3758 1322 3821 obesita-

184 3876 306 3951 temque
331 3867 452 3950 scripta
476 3865 531 3948 ul,
563 3866 630 3946 ³34,
655 3866 715 3946 IV3
740 3868 814 3948 439,
840 3867 868 3945 13
892 3867 966 3946 440,
996 3866 1059 3942 III3
1084 3867 1157 3928 442.
1176 3866 1239 3944 xl3
1256 3867 1322 3928 414

186 3971 259 4056 XX]
285 3973 326 4035 ad
357 3972 550 4035 Gamratum
584 3971 680 4036 facilc
712 3973 827 4036 referri
859 3983 1010 4057 possunt,
1042 3984 1170 4035 exst-aut
1202 3983 1323 4057 septem

187 4081 325 4143 carmina
350 4078 516 4142 mordacia
540 4079 596 4161 (ΙΙ,
620 4081 694 4162 253,
720 4084 806 4165 sqq),
835 4080 952 4164 quibus
983 4079 1167 4164 praelectus
1191 4078 1323 4164 quidam

188 4185 308 4250 scholae
325 4187 517 4270 exagitatur,
534 4185 620 4271 quod
635 4186 742 4249 adlato
754 4187 936 4270 magistrae,
949 4187 981 4248 in
996 4187 1105 4270 cisque
1117 4186 1222 4270 ipsum
1236 4185 1325 4274 Roy-

190 4292 262 4355 zium
296 4292 394 4373 (conf.
425 4291 469 4372 ΙΙ,
502 4294 576 4374 254,
604 4292 678 4376 ΙΙΙ),
714 4292 832 4356 barbas
868 4315 986 4379 ponere
1020 4293 1158 4356 iusserit.
1197 4292 1326 4357 Scimus

191 4409 284 4462 autem
310 4421 433 4462 morem
457 4398 611 4463 tondendi
636 4399 764 4484 barbas,
787 4401 841 4486 qui
867 4399 972 4464 medio
996 4423 1076 4463 aevo
1098 4398 1184 4484 apud
1201 4397 1324 4463 clerum

192 4521 348 4569 remanum
379 4503 580 4590 invaluerat,
608 4529 627 4570 a
651 4506 874 4571 sacerdotibus
905 4505 1072 4569 catholicis
1105 4505 1255 4569 Poloniae
1285 4529 1323 4571 eo

286 4619 400 4659 earmina.
417 4621 443 4660 Τ.
460 4621 479 4662 1.
1192 4615 1217 4662 ll
