3016 5310
148 429 194 497 24
623 452 702 487 rnrar
720 452 810 486 noran

707 1473 738 1536 4.

544 1668 895 1744 SOMNIUM

625 1825 814 1892 ROYZH1.

256 2020 327 2083 Iam
348 2042 415 2084 nox
436 2018 488 2083 bis
512 2041 606 2084 senas
629 2029 744 2084 exaota
766 2029 936 2105 peregerat
958 2019 1054 2085 horas

256 2125 491 2212 Extuleratquo
512 2125 609 2189 iubar
630 2124 806 2189 Tithonum
828 2126 957 2190 Aurora
979 2125 1175 2214 relinquens,

256 2233 298 2296 Et
322 2232 449 2298 eaelum
471 2231 574 2319 pulsis
598 2231 762 2297 albesoere
786 2243 934 2319 eoeperat
958 2234 1065 2298 astris:

256 2340 333 2403 Lux
355 2351 432 2404 erat.
455 2340 501 2403 At
523 2338 588 2404 late
609 2338 817 2403 mordaeibus
840 2341 963 2404 excitat
986 2340 1073 2405 euris

195 2467 221 2509 a.
252 2446 306 2511 Me
328 2446 451 2510 anxia⁹
472 2469 577 2510 mens:
599 2447 721 2532 primos
743 2444 867 2511 Phoebi
890 2445 1042 2532 vigilaret
1065 2445 1109 2511 ad
1131 2455 1230 2533 ortus,

256 2552 396 2640 Carpere
419 2574 480 2618 neo
504 2575 633 2617 somnos
656 2574 717 2616 neo
741 2554 860 2617 siverat
887 2563 963 2618 anto
986 2575 1133 2639 soporem

256 2660 406 2744 Lumina,
429 2683 528 2746 quam
549 2682 644 2725 verso
668 2659 796 2724 eaelum
818 2659 957 2746 fulgeret
981 2661 1049 2724 Eoo

254 2766 503 2853 Iucundumque
527 2767 590 2831 sibi
613 2777 775 2832 exsereret
798 2775 895 2852 eaput
919 2767 1104 2831 aurioomus
1128 2765 1187 2832 sol.

254 2872 309 2938 Sia
330 2882 430 2959 pater,
454 2883 485 2938 et
501 2896 597 2960 quem
621 2895 700 2938 eura
723 2872 838 2936 domus
854 2874 971 2959 premit
987 2894 1102 2959 aspera
1118 2873 1291 2961 quondam,

174 2999 221 3042 ro.
253 2979 422 3044 insomnes
445 2979 537 3045 duait
560 2989 679 3064 noetes,
703 3002 840 3064 quemve
863 2978 967 3044 ardua
989 2978 1121 3065 pulsant

253 3085 455 3173 Publieaque
474 3087 510 3150 in
532 3087 661 3172 magnis
685 3087 857 3150 commissa
880 3086 1011 3172 negotia
1032 3085 1140 3172 rebus,

254 3193 294 3256 Iu
316 3191 402 3256 latus
424 3192 503 3258 hine
526 3192 678 3258 dextrum
703 3192 905 3279 inoumbens,
927 3192 1013 3257 latus
1029 3192 1106 3259 inde
1121 3194 1293 3260 revolvens

256 3298 296 3363 Se
319 3299 355 3362 in
377 3298 516 3385 laevum,
540 3300 723 3387 faciemque
745 3322 895 3386 premens
917 3309 1087 3385 tergumvo
1110 3302 1249 3388 supinus

255 3405 480 3492 Nequiequam
504 3429 632 3471 somnos
655 3416 722 3471 toto
745 3407 824 3492 petit
847 3429 901 3471 ore
923 3415 1065 3492 negatos.

175 3532 221 3575 ra.
252 3513 326 3576 Non
349 3511 442 3577 alitor
466 3514 552 3577 euris
575 3536 627 3578 me
651 3536 717 3577 nox
740 3514 886 3577 exercuit
909 3512 966 3576 illa

256 3618 413 3684 Somnum
435 3641 549 3686 aroens
572 3619 675 3685 oeulis
698 3619 917 3706 membrisque
939 3620 1073 3685 inimioa
1097 3620 1248 3708 quietem.

254 3726 355 3791 Totus
379 3749 468 3791 eram
491 3727 688 3813 intentisque
711 3727 829 3790 animis
852 3727 887 3789 in
909 3749 1043 3791 munere
1065 3726 1163 3812 fixus,

254 3832 327 3897 Rex
349 3834 507 3918 Auguste,
527 3843 591 3919 tuo,
615 3834 671 3920 qui
694 3855 746 3897 me
769 3855 834 3897 non
857 3831 935 3896 talia
957 3832 1123 3919 quondam

254 3939 470 4004 Promeritum
493 3949 549 4004 aut
573 3940 689 4005 studiis
711 3962 923 4026 procerumve
946 3940 1057 4004 favore
1079 3948 1246 4026 potentem

171 4066 220 4108 eo.
251 4046 412 4131 Aeoersis,
435 4046 583 4134 ultroque
606 4046 700 4112 aulae
723 4046 852 4133 largiris
875 4046 1031 4113 honorem

149 4216 209 4223 ..--
246 4218 255 4222 ..
291 4217 354 4223 .—

256 4319 264 4348 ¹
284 4322 381 4372 Exstat
398 4322 426 4371 in
446 4322 515 4374 libro
534 4323 612 4374 Corn.
632 4339 675 4388 pg.
694 4319 845 4375 407-409.

255 4408 265 4440 ²
286 4410 335 4463 Ma.
356 4409 475 4475 „Anxia“
497 4412 554 4462 sino
574 4415 661 4478 „me“.
