3016 5310
356 453 391 487 nn
410 452 505 489 arran.
525 455 679 490 uurruaru
699 456 850 491 siorsnuunr
869 455 889 490 11
909 456 941 490 nr
961 455 1140 492 urrunnun.
1279 441 1325 505 65

178 523 942 546 t=--··
580 525 606 532 ···
620 526 676 532 ·-·-
862 527 926 533 -·---
943 539 977 547 .-
1120 526 1322 546 -Ξ

185 667 248 711 110.
282 649 535 736 Augustumque
557 649 649 713 Deus
672 648 784 713 morbo
807 649 930 714 fessum
953 660 984 714 et
1008 673 1106 737 prope
1130 649 1272 714 fractum

283 754 407 818 Immiti
429 776 548 840 regem,
572 755 626 819 cui
650 754 760 820 debita
781 753 879 841 longa
903 765 1062 840 senectus,

281 861 410 947 Aspicit
432 871 464 925 et
486 860 593 925 reddit
616 871 709 924 notas
731 862 766 925 in
791 883 923 948 corpore
946 863 1041 927 vires.

372 966 498 1032 Ultima
520 968 587 1030 iam
609 967 723 1032 taedae
746 978 778 1034 et
800 968 885 1034 laeto
907 968 966 1033 lux
990 968 1078 1034 diota
1100 969 1285 1058 hymenaeo

283 1074 435 1138 Venerat.
465 1074 553 1139 Ecce
577 1073 664 1138 orbis
687 1075 787 1138 variis
811 1075 851 1140 de
875 1074 1021 1161 partibus
1046 1075 1164 1139 adsunt

242 1231 249 1244 .
284 1180 377 1244 Missi
400 1191 542 1244 oratores
566 1191 596 1245 et
620 1190 740 1267 nuptae
764 1204 900 1246 munera
922 1192 1052 1268 portant

283 1288 505 1373 Augustoquc.
536 1288 643 1351 Patris
667 1287 731 1351 late
754 1289 919 1373 regnantis
946 1287 1031 1352 Iuli¹

283 1393 426 1457 Nuntius
449 1392 581 1458 advenit
604 1395 684 1457 iuris
707 1393 865 1480 Maplreus
889 1404 920 1459 et
944 1395 1038 1481 aequi

284 1497 469 1584 Consultus,
491 1501 615 1586 priscos
639 1510 794 1564 memorat
818 1502 873 1586 qui
896 1502 930 1563 in
952 1511 1049 1586 gente
1072 1500 1227 1584 Quirites,

283 1605 378 1670 Unus
401 1605 452 1670 bis
476 1629 578 1690 senos,
602 1628 683 1691 quos
706 1605 784 1692 legit
808 1607 919 1691 Roma,
942 1617 1094 1693 patronos

242 1762 250 1776 .
284 1712 479 1777 Pontificum
503 1734 681 1800 regumque
704 1713 789 1777 inter
812 1712 1040 1777 celeberrimus
1064 1736 1184 1778 omnes,
1282 1744 1284 1748 ·

284 1817 428 1882 Nuntius
453 1818 507 1883 hic
530 1820 631 1905 patris
655 1820 782 1904 summi,
806 1819 921 1884 dextra
944 1820 1057 1885 inclita
1081 1822 1174 1885 cuius

284 1925 361 1989 Fert
384 1935 547 2012 sceptrum
570 1927 781 2011 omnipotens,
804 1950 868 2013 quo
890 1937 992 1991 torras
1016 1950 1100 1991 unus
1124 1937 1155 1991 et
1175 1927 1323 1992 aethram

285 2030 411 2096 Subicit
434 2031 577 2118 imperiis
601 2031 851 2119 Acherontaquc
874 2043 971 2098 terret
994 2044 1025 2099 et
1049 2034 1190 2120 umbras,

284 2137 390 2217 Quem
413 2160 512 2225 penes
536 2139 705 2203 arbitrium
731 2162 847 2224 rerum,
871 2141 924 2204 cui
947 2140 1081 2226 grandis
1105 2140 1240 2229 Olympi

243 2295 250 2309 .
284 2245 437 2331 Ingentes
460 2267 603 2309 reserare
626 2244 738 2308 datum
762 2256 810 2310 est
833 2255 864 2309 et
888 2245 1039 2311 claudere
1062 2256 1169 2334 postes

284 2351 326 2415 Et
349 2361 457 2415 sontes
480 2352 605 2416 animas
629 2353 741 2438 nigrae
764 2351 919 2417 damnare
942 2352 1117 2438 gehenuae.

374 2458 415 2521 Et
439 2457 575 2524 Carolus
599 2481 710 2523 caesar
733 2458 817 2523 bello
841 2469 872 2523 et
895 2460 1086 2525 victricibus
1110 2463 1210 2527 armis

282 2564 429 2649 Inclitus,
454 2565 576 2629 excivit
599 2588 696 2650 quem
719 2588 812 2629 nemo
835 2567 967 2653 impune
991 2568 1136 2652 quietum

283 2672 543 2758 Cunctatumque
566 2671 623 2735 diu
648 2695 687 2736 ac
709 2674 892 2737 venientem
914 2672 1003 2737 haud
1028 2675 1164 2739 sustinet
1186 2674 1301 2761 hostis,

242 2828 249 2842 .
283 2778 373 2842 Misit
395 2779 538 2866 pictavia
561 2778 796 2844 Guilihclmum
819 2803 837 2845 e
860 2791 955 2865 gente
978 2783 1168 2866 profectum,

283 2884 450 2972 Insignem
472 2887 591 2973 pietate
614 2888 722 2951 virum
746 2886 908 2973 faudoque
932 2888 1097 2971 disertum,

282 2991 365 3079 Regi
387 2992 443 3079 qni
467 2993 617 3079 Augusto
640 3003 754 3080 pactae
778 2992 917 3057 conubia
941 2995 1045 3078 neptis

283 3099 410 3165 Felices
433 3122 559 3187 semper
582 3100 740 3164 thalamos
764 3102 952 3185 faustosquc
974 3111 1132 3186 precetur.

372 3208 423 3271 Ac
446 3229 603 3293 procercs,
628 3230 764 3294 quorum
789 3207 930 3270 arbitriis
954 3207 1085 3292 fastigia
1109 3228 1221 3271 caesar

241 3364 248 3377 .
282 3313 413 3401 Accipit
436 3314 561 3399 imperii
586 3324 618 3378 et
641 3324 785 3400 sumptas
810 3315 871 3378 fert
895 3313 981 3378 orbis
1004 3313 1157 3396 habenas,

282 3420 451 3505 Miserunt,
473 3421 543 3505 regi
567 3423 621 3506 qui
646 3422 753 3484 fausta
777 3431 948 3508 precentur
972 3422 1076 3486 amico

283 3527 443 3613 Coniugia
466 3537 497 3591 et
520 3528 596 3592 laeti
619 3527 703 3592 laeto
728 3529 875 3592 intersint
898 3527 1087 3616 hymenaee.

372 3634 644 3724 Hippolytusque,
668 3659 770 3720 genus
793 3637 900 3720 prisco
925 3658 943 3697 a
967 3635 1110 3699 Tassonc
1129 3634 1323 3720 profectum,

282 3742 379 3807 Clara
402 3741 526 3825 (lomus,
550 3764 668 3826 magno
692 3741 775 3806 duce
799 3743 916 3804 missus
941 3741 980 3804 ab
1006 3740 1171 3804 Hercule²
1194 3741 1293 3825 veuit,

240 3900 247 3915 .
282 3848 434 3932 Hercule,
458 3849 513 3934 qui
539 3848 673 3912 Eridani
699 3848 739 3911 ad
763 3849 850 3934 ripas
875 3859 905 3912 ot
929 3871 1064 3912 amoena
1087 3848 1208 3911 fluenta

280 3956 396 4021 Italiac
419 3966 527 4021 custos
552 3956 640 4020 sedet
664 3966 760 4040 atquo
783 3955 967 4041 potentibus
991 3956 1089 4018 armis

281 4063 400 4128 Hostes
423 4073 511 4127 arcet
535 4085 612 4148 agro
637 4062 792 4148 sedesque
816 4073 924 4126 tuetur
948 4063 1061 4145 avitas,

281 4172 441 4235 Assuetus
465 4192 528 4233 non
553 4170 611 4233 has
636 4169 750 4233 illasve
774 4168 928 4233 accedere
952 4178 1069 4254 partos,

282 4421 396 4471 ¹Iulius
415 4422 463 4484 111,
482 4421 601 4486 pontifex
621 4419 752 4469 maximus
771 4434 813 4468 aa.
835 4415 1020 4467 roto-1555.

283 4508 293 4538 ³
311 4509 441 4562 Hercules
450 4512 484 4573 ll,
494 4525 607 4575 maguus
618 4508 669 4558 dux
680 4508 810 4572 Emensis,
821 4514 876 4556 nat.
888 4522 912 4556 a.
924 4504 1002 4570 1508,
1013 4521 1068 4571 reg.
1080 4521 1121 4556 aa.
1133 4502 1322 4559 1534-1559.

282 4605 395 4646 cumina
407 4603 423 4645 1.
1198 4592 1215 4645 ὃ
