3016 5310
674 438 751 474 rn'm
769 436 866 473 tortu.

974 505 1335 513 ———————-

945 519 1142 526 ——--—.
1164 519 1193 525 -
1207 519 1269 525 —--.
1281 518 1335 525 —-

302 634 417 700 Omnis
441 644 472 697 et
495 634 623 697 intonso
646 633 794 718 gaudens
818 632 998 717 Samogitiu
1020 632 1120 713 erine7

301 741 336 808 Si
360 764 424 826 qun
446 740 513 804 ulie
535 752 591 823 est
615 739 686 805 lotii
710 752 759 804 est
782 739 1072 804 observantissima
1095 737 1205 803 enltns

197 869 268 913 oss.
303 848 409 929 Natio,
432 847 677 935 prisoorumque
700 869 838 932 sequens
862 845 1002 932 vestigia
1023 856 1164 933 petrum

301 954 392 1033 Quas
415 952 493 1017 olim
517 953 642 1039 aceepit
666 953 728 1039 piu,
750 951 868 1016 ritibus
891 950 1003 1016 haeret
1025 952 1059 1015 in
1084 950 1210 1015 iisdem.

391 1059 496 1125 Omne
520 1059 702 1126 Stsnisleus
726 1059 971 1123 Innussevieius
994 1081 1112 1122 aevum

303 1167 376 1232 Hae
399 1166 488 1253 degit
512 1179 605 1231 tonus
629 1177 660 1230 et
685 1167 788 1230 saeris
810 1166 920 1251 exegit
943 1166 977 1228 in
997 1164 1123 1229 iisdem

301 1273 372 1338 Non
398 1272 497 1357 uliud,
520 1272 674 1358 quiequid
698 1271 837 1337 Lachesi
862 1271 901 1336 de
926 1270 1046 1335 vellere
1069 1270 1214 1335 nendum

193 1402 266 1446 eso.
300 1380 413 1445 Restat
435 1379 552 1462 adhue,
575 1391 651 1444 noto
674 1378 837 1466 quondam
862 1390 1052 1464 assuetoque
1077 1376 1200 1460 relicto,

297 1488 511 1572 Ingressuros
534 1487 603 1553 iter.
627 1509 691 1551 non
716 1485 883 1571 religionis
907 1486 1015 1550 avitae

302 1594 456 1677 Paenitet
480 1593 567 1658 haud
595 1594 779 1679 quiequam,
803 1593 916 1657 nintris
947 1591 1033 1678 quod
1058 1614 1191 1679 carpere
1215 1590 1331 1655 Romae

303 1699 416 1781 Possit,
440 1699 550 1780 habet3
573 1700 651 1784 quin
675 1698 723 1763 illi
750 1700 804 1763 uni
830 1698 1019 1763 submittere
1042 1708 1148 1762 tutum

301 1805 417 1888 Monte,
441 1807 550 1870 unimo
573 1817 604 1870 et
627 1817 693 1871 toto
717 1807 845 1893 penitus
869 1829 902 1869 se
927 1816 1055 1893 pectore
1079 1805 1180 1869 dueit.

388 1913 505 1989 Meroe,
529 1935 628 1999 nepos
653 1913 705 1976 eui
730 1912 786 1976 dat
810 1917 1012 1999 cognomen,¹
1027 1912 1175 1998 linquere
1198 1910 1328 1977 Romam

300 2018 398 2082 Haud
423 2018 497 2099 fers,
520 2020 554 2083 in
578 2021 681 2083 saeris
705 2030 736 2083 et
760 2042 896 2085 avorum
920 2019 1095 2083 immobilis
1118 2018 1243 2083 haeres.

390 2125 463 2189 Hae
486 2148 612 2212 quoque
635 2137 666 2189 tr
692 2127 805 2190 merito
829 2127 929 2191 iaetes
953 2127 1078 2212 pietate
1102 2124 1231 2191 Sebasti
1246 2163 1290 2171 —

300 2234 380 2315 Anet
405 2232 505 2317 putris
530 2256 666 2297 servans
690 2233 826 2309 Nic-olai
850 2231 937 2297 haud
961 2233 1110 2319 degener,
1135 2233 1231 2297 annis

299 2339 345 2402 Ut
368 2338 531 2423 quondam
555 2363 574 2403 u
598 2341 725 2424 tenoris,
750 2341 900 2427 pietatem
924 2351 956 2403 et
979 2337 1106 2403 romula
1130 2361 1235 2405 suern.

391 2446 433 2508 Et
456 2445 653 2510 Loehorieio
677 2446 766 2511 sedet
789 2446 869 2511 haee
894 2447 1060 2529 sententie,
1083 2445 1209 2531 grande

298 2552 379 2616 Esse
403 2562 473 2616 rato
497 2552 603 2617 seelus
627 2553 770 2617 insuetos
794 2554 953 2617 asciscere
977 2553 1060 2617 ritus

300 2658 457 2725 Delubris
480 2661 607 2725 Divum
631 2672 726 2747 atque
749 2661 806 2725 diu
831 2683 924 2725 sacru
949 2660 1038 2725 cultu
1061 2659 1211 2746 relinqui.

386 2767 595 2854 Romanoque
618 2767 723 2832 bonus
746 2779 921 2832 veneretur
944 2790 1034 2831 more
1058 2765 1199 2853 colitque

298 2873 421 2937 Paulus
443 2874 567 2939 Biezko
590 2876 708 2957 Deum,
732 2876 779 2939 sio
802 2876 843 2938 iri
867 2874 972 2939 eredit
995 2873 1037 2939 ud
1062 2884 1159 2939 astra.

384 2981 525 3044 Nomina
548 2981 632 3045 dure
652 2981 736 3068 legis
759 3004 820 3047 neo
845 2980 943 3049 fondo
968 2981 1092 3064 mollio3
1115 2982 1236 3049 durum

295 3088 356 3153 Est
378 3087 609 3174 hominumque
631 3112 743 3176 genus
765 3088 892 3175 gelidos
916 3088 1077 3176 aquilonis
1100 3089 1143 3153 ud
1168 3099 1258 3153 ortus

296 3196 510 3281 Prognntnm3
534 3195 700 3261 sedidem
726 3196 842 3261 studiis
866 3197 1094 3263 communibus
1118 3196 1236 3263 ardens

295 3302 442 3367 Romano
467 3313 601 3366 mortem
626 3325 684 3389 pro
708 3303 864 3389 religione
887 3304 1018 3390 pacisci.

295 3408 369 3473 Non
393 3411 421 3472 si
445 3409 533 3472 mille
557 3408 636 3472 mihi
660 3408 791 3495 linguae
814 3410 880 3473 sint
902 3433 1022 3497 oraque
1047 3409 1136 3475 mille

187 3535 257 3578 eso.
291 3515 438 3579 Infraetu
462 3527 493 3579 et
517 3539 583 3580 vox
607 3517 656 3599 sit,
680 3516 761 3579 duro
785 3540 825 3579 ex
850 3516 1031 3601 adamante,
1055 3518 1204 3583 virorum

295 3623 444 3699 Nomina,
469 3624 686 3688 Sarmatiam
712 3646 831 3708 magns
852 3625 908 3709 qui
935 3647 1028 3689 suere
1051 3624 1221 3704 Quiritum

294 3731 401 3815 Atque
423 3729 519 3793 fidem
545 3740 610 3793 toto
636 3741 832 3794 venerentur
855 3743 993 3818 peetore.
1016 3732 1134 3796 dieem.

292 3837 394 3901 Oeius
418 3858 601 3899 enumerem
627 3858 701 3899 eum
727 3838 815 3900 venti
840 3860 1001 3924 eurusque
1024 3850 1193 3924 notusque,

291 3943 444 4028 Quosque
468 3943 548 4006 ulios
573 3956 664 4006 vesto
689 3943 813 4007 claudit
836 3968 893 4008 rex
918 3945 1039 4009 Aeolus
1063 3955 1166 4029 entre,

183 4071 255 4112 sss.
290 4054 421 4113 Oceano
446 4050 630 4113 1111111111111111Ι
655 4050 741 4114 cient
765 4062 842 4135 quot
866 4053 898 4114 in
923 4075 1060 4137 aequore
1085 4052 1218 4131 lloetus;

291 4158 358 4217 Aut
382 4156 489 4240 aquilo
513 4168 669 4241 quantum
696 4156 846 4220 loliorum
871 4157 992 4221 ‹lorutit
1017 4159 1094 4222 olim

291 4398 296 4424 ¹
319 4400 423 4449 Murrus
446 4400 640 4462 llawrynowirz
674 4400 800 4449 l'nurzko
830 4401 997 4466 qll'nuezkojr,
1026 4402 1137 4452 (tironus
1166 4399 1311 4453 retovisnsis

178 4503 205 4536 a.
227 4484 303 4537 1551.
325 4488 470 4538 'llonieoki
491 4490 616 4540 Por-zet..
638 4507 680 4554 μμ.
701 4490 772 4551 311111,
