<?xml version="1.0" encoding="UTF-8"?>
<!DOCTYPE html PUBLIC "-//W3C//DTD XHTML 1.0 Transitional//EN"
    "http://www.w3.org/TR/xhtml1/DTD/xhtml1-transitional.dtd">
<html xmlns="http://www.w3.org/1999/xhtml" xml:lang="en" lang="en">
 <head>
  <title>
</title>
<meta http-equiv="Content-Type" content="text/html;charset=utf-8" />
  <meta name='ocr-system' content='tesseract 3.04.00' />
  <meta name='ocr-capabilities' content='ocr_page ocr_carea ocr_par ocr_line ocrx_word'/>
</head>
<body>
  <div class='ocr_page' id='page_1' title='image "./petriroyziimaur01morogoog_0419.png"; bbox 0 0 3016 5310; ppageno 0'>
   <div class='ocr_carea' id='block_1_1' title="bbox 655 467 838 503">
    <p class='ocr_par' dir='ltr' id='par_1_1' title="bbox 655 467 838 503">
     <span class='ocr_line' id='line_1_1' title="bbox 655 467 838 503; baseline 0.016 -3"><span class='ocrx_word' id='word_1_1' title='bbox 655 467 731 502; x_wconf 73' lang='lat' dir='ltr'>mul</span> <span class='ocrx_word' id='word_1_2' title='bbox 750 469 838 503; x_wconf 72' lang='lat' dir='ltr'><strong>nonu</strong></span> 
     </span>
    </p>
   </div>
   <div class='ocr_carea' id='block_1_2' title="bbox 212 533 1320 549">
    <p class='ocr_par' dir='ltr' id='par_1_2' title="bbox 212 533 1320 549">
     <span class='ocr_line' id='line_1_2' title="bbox 212 533 1320 549; baseline 0.005 -9"><span class='ocrx_word' id='word_1_3' title='bbox 212 535 236 540; x_wconf 82' lang='grc'>--</span> <span class='ocrx_word' id='word_1_4' title='bbox 262 533 707 541; x_wconf 72' lang='grc'>--.-.---</span> <span class='ocrx_word' id='word_1_5' title='bbox 991 537 1150 545; x_wconf 69' lang='grc'>-.----.-</span> <span class='ocrx_word' id='word_1_6' title='bbox 1172 540 1320 549; x_wconf 70' lang='lat'>—.——-</span> 
     </span>
    </p>
   </div>
   <div class='ocr_carea' id='block_1_3' title="bbox 1221 553 1319 560">
    <p class='ocr_par' dir='ltr' id='par_1_3' title="bbox 1221 553 1319 560">
     <span class='ocr_line' id='line_1_3' title="bbox 1221 553 1319 560; baseline 0 0"><span class='ocrx_word' id='word_1_7' title='bbox 1221 553 1282 560; x_wconf 74' lang='lat'>—-</span> <span class='ocrx_word' id='word_1_8' title='bbox 1300 555 1319 560; x_wconf 85' lang='grc'>.-</span> 
     </span>
    </p>
   </div>
   <div class='ocr_carea' id='block_1_4' title="bbox 729 748 774 814">
    <p class='ocr_par' dir='ltr' id='par_1_4' title="bbox 729 748 774 814">
     <span class='ocr_line' id='line_1_4' title="bbox 729 748 774 814; baseline 0.022 -1"><span class='ocrx_word' id='word_1_9' title='bbox 729 748 774 814; x_wconf 90' lang='grc' dir='ltr'>ΙΙ.</span> 
     </span>
    </p>
   </div>
   <div class='ocr_carea' id='block_1_5' title="bbox 228 873 1216 1707">
    <p class='ocr_par' dir='ltr' id='par_1_5' title="bbox 228 873 1216 1707">
     <span class='ocr_line' id='line_1_5' title="bbox 287 873 1122 964; baseline 0.002 -24"><span class='ocrx_word' id='word_1_10' title='bbox 287 873 460 941; x_wconf 69' lang='lat' dir='ltr'>Excellens</span> <span class='ocrx_word' id='word_1_11' title='bbox 482 884 569 940; x_wconf 79' lang='lat' dir='ltr'>terra</span> <span class='ocrx_word' id='word_1_12' title='bbox 591 874 626 938; x_wconf 89' lang='lat' dir='ltr'>in</span> <span class='ocrx_word' id='word_1_13' title='bbox 649 873 785 959; x_wconf 80' lang='lat' dir='ltr'>caelum,</span> <span class='ocrx_word' id='word_1_14' title='bbox 808 884 980 962; x_wconf 82' lang='lat' dir='ltr'>nostroque</span> <span class='ocrx_word' id='word_1_15' title='bbox 1002 885 1122 964; x_wconf 81' lang='lat' dir='ltr'><strong>tuoque</strong></span> 
     </span>
     <span class='ocr_line' id='line_1_6' title="bbox 340 980 1059 1069; baseline -0.004 -19"><span class='ocrx_word' id='word_1_16' title='bbox 340 982 496 1069; x_wconf 79' lang='lat' dir='ltr'>Optatam</span> <span class='ocrx_word' id='word_1_17' title='bbox 519 991 603 1066; x_wconf 76' lang='lat' dir='ltr'><strong>voto,</strong></span> <span class='ocrx_word' id='word_1_18' title='bbox 626 980 683 1045; x_wconf 85' lang='lat' dir='ltr'>dat</span> <span class='ocrx_word' id='word_1_19' title='bbox 705 981 794 1047; x_wconf 78' lang='lat' dir='ltr'>Losa</span> <span class='ocrx_word' id='word_1_20' title='bbox 816 992 918 1047; x_wconf 81' lang='lat' dir='ltr'>morto</span> <span class='ocrx_word' id='word_1_21' title='bbox 941 982 1059 1048; x_wconf 79' lang='lat' dir='ltr'>losum.</span> 
     </span>
     <span class='ocr_line' id='line_1_7' title="bbox 286 1087 1074 1175; baseline 0 -21"><span class='ocrx_word' id='word_1_22' title='bbox 286 1089 347 1155; x_wconf 84' lang='lat' dir='ltr'>Ille</span> <span class='ocrx_word' id='word_1_23' title='bbox 370 1088 455 1154; x_wconf 78' lang='lat' dir='ltr'>solat</span> <span class='ocrx_word' id='word_1_24' title='bbox 478 1087 614 1173; x_wconf 78' lang='lat' dir='ltr'>caelum,</span> <span class='ocrx_word' id='word_1_25' title='bbox 636 1098 672 1152; x_wconf 83' lang='lat' dir='ltr'>tu</span> <span class='ocrx_word' id='word_1_26' title='bbox 695 1097 797 1152; x_wconf 84' lang='lat' dir='ltr'>terras</span> <span class='ocrx_word' id='word_1_27' title='bbox 821 1087 927 1154; x_wconf 80' lang='lat' dir='ltr'>dulcis</span> <span class='ocrx_word' id='word_1_28' title='bbox 950 1087 1074 1175; x_wconf 80' lang='lat' dir='ltr'>Olivas‚</span> 
     </span>
     <span class='ocr_line' id='line_1_8' title="bbox 340 1195 1039 1279; baseline 0 -18"><span class='ocrx_word' id='word_1_29' title='bbox 340 1195 439 1261; x_wconf 90' lang='lat' dir='ltr'>Illum</span> <span class='ocrx_word' id='word_1_30' title='bbox 463 1196 490 1259; x_wconf 95' lang='lat' dir='ltr'>si</span> <span class='ocrx_word' id='word_1_31' title='bbox 513 1204 633 1279; x_wconf 75' lang='lat' dir='ltr'>nectar,</span> <span class='ocrx_word' id='word_1_32' title='bbox 657 1205 688 1259; x_wconf 83' lang='lat' dir='ltr'>ts</span> <span class='ocrx_word' id='word_1_33' title='bbox 711 1196 803 1259; x_wconf 85' lang='lat' dir='ltr'>iuvat</span> <span class='ocrx_word' id='word_1_34' title='bbox 826 1204 896 1260; x_wconf 84' lang='lat' dir='ltr'>atra</span> <span class='ocrx_word' id='word_1_35' title='bbox 919 1217 1008 1261; x_wconf 81' lang='lat' dir='ltr'>ceres</span> <span class='ocrx_word' id='word_1_36' title='bbox 1021 1201 1039 1261; x_wconf 88' lang='lat'>¹.</span> 
     </span>
     <span class='ocr_line' id='line_1_9' title="bbox 228 1299 1050 1393; baseline -0.001 -24"><span class='ocrx_word' id='word_1_37' title='bbox 228 1327 254 1369; x_wconf 86' lang='lat' dir='ltr'>s.</span> <span class='ocrx_word' id='word_1_38' title='bbox 284 1302 360 1393; x_wconf 81' lang='lat' dir='ltr'>Ipsa</span> <span class='ocrx_word' id='word_1_39' title='bbox 382 1303 453 1368; x_wconf 72' lang='lat' dir='ltr'>loeo</span> <span class='ocrx_word' id='word_1_40' title='bbox 476 1303 565 1366; x_wconf 79' lang='lat' dir='ltr'>Losa</span> <span class='ocrx_word' id='word_1_41' title='bbox 588 1299 719 1365; x_wconf 79' lang='lat' dir='ltr'>sublimi</span> <span class='ocrx_word' id='word_1_42' title='bbox 743 1324 777 1367; x_wconf 83' lang='lat' dir='ltr'>se</span> <span class='ocrx_word' id='word_1_43' title='bbox 799 1302 909 1383; x_wconf 74' lang='lat' dir='ltr'>iaalat3</span> <span class='ocrx_word' id='word_1_44' title='bbox 933 1300 1050 1368; x_wconf 83' lang='lat' dir='ltr'>Olivaa</span> 
     </span>
     <span class='ocr_line' id='line_1_10' title="bbox 340 1406 1216 1498; baseline -0.001 -21"><span class='ocrx_word' id='word_1_45' title='bbox 340 1411 444 1477; x_wconf 82' lang='lat' dir='ltr'>Grata</span> <span class='ocrx_word' id='word_1_46' title='bbox 466 1417 568 1493; x_wconf 85' lang='lat' dir='ltr'>tuum,</span> <span class='ocrx_word' id='word_1_47' title='bbox 591 1406 727 1495; x_wconf 82' lang='lat' dir='ltr'>Gaspar,</span> <span class='ocrx_word' id='word_1_48' title='bbox 751 1408 830 1473; x_wconf 90' lang='lat' dir='ltr'>dum</span> <span class='ocrx_word' id='word_1_49' title='bbox 853 1417 941 1494; x_wconf 77' lang='lat' dir='ltr'>legat</span> <span class='ocrx_word' id='word_1_50' title='bbox 963 1408 1080 1474; x_wconf 88' lang='lat' dir='ltr'>umbra</span> <span class='ocrx_word' id='word_1_51' title='bbox 1103 1423 1216 1498; x_wconf 81' lang='lat' dir='ltr'>eaput.</span> 
     </span>
     <span class='ocr_line' id='line_1_11' title="bbox 287 1514 1104 1602; baseline -0.002 -20"><span class='ocrx_word' id='word_1_52' title='bbox 287 1517 348 1584; x_wconf 83' lang='lat' dir='ltr'>Illa</span> <span class='ocrx_word' id='word_1_53' title='bbox 370 1518 442 1583; x_wconf 81' lang='lat' dir='ltr'>Deo</span> <span class='ocrx_word' id='word_1_54' title='bbox 465 1517 500 1582; x_wconf 87' lang='lat' dir='ltr'>in</span> <span class='ocrx_word' id='word_1_55' title='bbox 523 1515 621 1580; x_wconf 83' lang='lat' dir='ltr'>saalis</span> <span class='ocrx_word' id='word_1_56' title='bbox 644 1525 675 1579; x_wconf 83' lang='lat' dir='ltr'>et</span> <span class='ocrx_word' id='word_1_57' title='bbox 698 1514 798 1579; x_wconf 89' lang='lat' dir='ltr'>rubra</span> <span class='ocrx_word' id='word_1_58' title='bbox 820 1515 961 1601; x_wconf 84' lang='lat' dir='ltr'>gaudeat</span> <span class='ocrx_word' id='word_1_59' title='bbox 984 1514 1104 1602; x_wconf 78' lang='lat' dir='ltr'><strong>aethra,</strong></span> 
     </span>
     <span class='ocr_line' id='line_1_12' title="bbox 340 1621 1022 1707; baseline 0 -20"><span class='ocrx_word' id='word_1_60' title='bbox 340 1623 391 1687; x_wconf 88' lang='lat' dir='ltr'>Tu</span> <span class='ocrx_word' id='word_1_61' title='bbox 415 1623 492 1688; x_wconf 71' lang='lat' dir='ltr'>dio&#39;</span> <span class='ocrx_word' id='word_1_62' title='bbox 514 1623 548 1686; x_wconf 91' lang='lat' dir='ltr'>in</span> <span class='ocrx_word' id='word_1_63' title='bbox 571 1621 666 1686; x_wconf 84' lang='lat' dir='ltr'>terris</span> <span class='ocrx_word' id='word_1_64' title='bbox 690 1630 786 1707; x_wconf 76' lang='lat' dir='ltr'>alque</span> <span class='ocrx_word' id='word_1_65' title='bbox 810 1621 920 1688; x_wconf 84' lang='lat' dir='ltr'><strong>fruare</strong></span> <span class='ocrx_word' id='word_1_66' title='bbox 942 1622 1022 1687; x_wconf 81' lang='lat' dir='ltr'>Deo.</span> 
     </span>
    </p>
   </div>
   <div class='ocr_carea' id='block_1_6' title="bbox 718 1870 780 1935">
    <p class='ocr_par' dir='ltr' id='par_1_6' title="bbox 718 1870 780 1935">
     <span class='ocr_line' id='line_1_13' title="bbox 718 1870 780 1935; baseline 0 -1"><span class='ocrx_word' id='word_1_67' title='bbox 718 1870 780 1935; x_wconf 86' lang='lat'>111.</span> 
     </span>
    </p>
   </div>
   <div class='ocr_carea' id='block_1_7' title="bbox 500 2031 997 2087">
    <p class='ocr_par' dir='ltr' id='par_1_7' title="bbox 500 2031 997 2087">
     <span class='ocr_line' id='line_1_14' title="bbox 500 2031 997 2087; baseline -0.006 0"><span class='ocrx_word' id='word_1_68' title='bbox 500 2031 550 2087; x_wconf 77' lang='lat' dir='ltr'>Ad</span> <span class='ocrx_word' id='word_1_69' title='bbox 569 2031 695 2087; x_wconf 78' lang='lat' dir='ltr'>eundem</span> <span class='ocrx_word' id='word_1_70' title='bbox 715 2032 828 2087; x_wconf 81' lang='lat' dir='ltr'>factum</span> <span class='ocrx_word' id='word_1_71' title='bbox 847 2031 997 2087; x_wconf 81' lang='lat' dir='ltr'>abbatom.</span> 
     </span>
    </p>
   </div>
   <div class='ocr_carea' id='block_1_8' title="bbox 228 2156 1235 2673">
    <p class='ocr_par' dir='ltr' id='par_1_8' title="bbox 228 2156 1235 2673">
     <span class='ocr_line' id='line_1_15' title="bbox 286 2156 1162 2245; baseline -0.003 -21"><span class='ocrx_word' id='word_1_72' title='bbox 286 2159 391 2225; x_wconf 81' lang='lat' dir='ltr'>Multa</span> <span class='ocrx_word' id='word_1_73' title='bbox 412 2180 506 2245; x_wconf 78' lang='lat' dir='ltr'>paras</span> <span class='ocrx_word' id='word_1_74' title='bbox 530 2158 655 2222; x_wconf 80' lang='lat' dir='ltr'>faciunt</span> <span class='ocrx_word' id='word_1_75' title='bbox 678 2156 796 2221; x_wconf 83' lang='lat' dir='ltr'>multos</span> <span class='ocrx_word' id='word_1_76' title='bbox 818 2157 887 2242; x_wconf 84' lang='lat' dir='ltr'>tibi,</span> <span class='ocrx_word' id='word_1_77' title='bbox 910 2156 1027 2221; x_wconf 87' lang='lat' dir='ltr'>nobilis</span> <span class='ocrx_word' id='word_1_78' title='bbox 1051 2156 1162 2241; x_wconf 77' lang='lat' dir='ltr'>abbas,</span> 
     </span>
     <span class='ocr_line' id='line_1_16' title="bbox 340 2263 1115 2353; baseline -0.003 -23"><span class='ocrx_word' id='word_1_79' title='bbox 340 2267 391 2330; x_wconf 91' lang='lat' dir='ltr'>Tu</span> <span class='ocrx_word' id='word_1_80' title='bbox 413 2266 564 2353; x_wconf 91' lang='lat' dir='ltr'>quamvis</span> <span class='ocrx_word' id='word_1_81' title='bbox 586 2265 690 2351; x_wconf 86' lang='lat' dir='ltr'>possis</span> <span class='ocrx_word' id='word_1_82' title='bbox 714 2265 773 2330; x_wconf 87' lang='lat' dir='ltr'>vix</span> <span class='ocrx_word' id='word_1_83' title='bbox 797 2274 847 2329; x_wconf 89' lang='lat' dir='ltr'>sat</span> <span class='ocrx_word' id='word_1_84' title='bbox 868 2263 987 2329; x_wconf 85' lang='lat' dir='ltr'>habere</span> <span class='ocrx_word' id='word_1_85' title='bbox 1010 2287 1115 2351; x_wconf 85' lang='lat' dir='ltr'>pares.</span> 
     </span>
     <span class='ocr_line' id='line_1_17' title="bbox 286 2369 1214 2459; baseline -0.005 -19"><span class='ocrx_word' id='word_1_86' title='bbox 286 2373 351 2440; x_wconf 83' lang='lat' dir='ltr'>Seu</span> <span class='ocrx_word' id='word_1_87' title='bbox 375 2382 525 2459; x_wconf 78' lang='lat' dir='ltr'>spectem,</span> <span class='ocrx_word' id='word_1_88' title='bbox 549 2371 698 2458; x_wconf 80' lang='lat' dir='ltr'>splendes</span> <span class='ocrx_word' id='word_1_89' title='bbox 722 2370 850 2456; x_wconf 86' lang='lat' dir='ltr'>quibus,</span> <span class='ocrx_word' id='word_1_90' title='bbox 872 2371 1040 2457; x_wconf 81' lang='lat' dir='ltr'>Arpinatis</span> <span class='ocrx_word' id='word_1_91' title='bbox 1062 2369 1214 2456; x_wconf 72' lang='lat' dir='ltr'>honoraS,</span> 
     </span>
     <span class='ocr_line' id='line_1_18' title="bbox 341 2476 1147 2564; baseline -0.009 -17"><span class='ocrx_word' id='word_1_92' title='bbox 341 2479 405 2546; x_wconf 85' lang='lat' dir='ltr'>Seu</span> <span class='ocrx_word' id='word_1_93' title='bbox 428 2478 693 2563; x_wconf 69' lang='lat' dir='ltr'>Demosthenem,</span> <span class='ocrx_word' id='word_1_94' title='bbox 716 2499 751 2542; x_wconf 85' lang='lat' dir='ltr'>ss</span> <span class='ocrx_word' id='word_1_95' title='bbox 773 2476 892 2564; x_wconf 87' lang='lat' dir='ltr'>quibus</span> <span class='ocrx_word' id='word_1_96' title='bbox 916 2488 1039 2561; x_wconf 70' lang='lat' dir='ltr'>auctus,</span> <span class='ocrx_word' id='word_1_97' title='bbox 1063 2500 1147 2564; x_wconf 83' lang='lat' dir='ltr'>opes,</span> 
     </span>
     <span class='ocr_line' id='line_1_19' title="bbox 228 2583 1235 2673; baseline -0.004 -21"><span class='ocrx_word' id='word_1_98' title='bbox 228 2611 254 2653; x_wconf 81' lang='lat' dir='ltr'>s.</span> <span class='ocrx_word' id='word_1_99' title='bbox 286 2587 363 2655; x_wconf 84' lang='lat' dir='ltr'>Sive</span> <span class='ocrx_word' id='word_1_100' title='bbox 386 2608 512 2652; x_wconf 75' lang='lat' dir='ltr'>sacram</span> <span class='ocrx_word' id='word_1_101' title='bbox 536 2585 690 2673; x_wconf 80' lang='lat' dir='ltr'>sophiam,</span> <span class='ocrx_word' id='word_1_102' title='bbox 714 2606 796 2670; x_wconf 85' lang='lat' dir='ltr'>quas</span> <span class='ocrx_word' id='word_1_103' title='bbox 819 2593 975 2648; x_wconf 83' lang='lat' dir='ltr'>monstrat</span> <span class='ocrx_word' id='word_1_104' title='bbox 999 2583 1105 2648; x_wconf 88' lang='lat' dir='ltr'>sidera</span> <span class='ocrx_word' id='word_1_105' title='bbox 1128 2585 1235 2668; x_wconf 82' lang='lat' dir='ltr'>terris,</span> 
     </span>
    </p>
   </div>
   <div class='ocr_carea' id='block_1_9' title="bbox 206 2690 1300 3419">
    <p class='ocr_par' dir='ltr' id='par_1_9' title="bbox 206 2690 1300 3419">
     <span class='ocr_line' id='line_1_20' title="bbox 340 2690 1174 2779; baseline -0.006 -21"><span class='ocrx_word' id='word_1_106' title='bbox 340 2694 449 2774; x_wconf 76' lang='lat' dir='ltr'>Quam</span> <span class='ocrx_word' id='word_1_107' title='bbox 470 2704 527 2758; x_wconf 87' lang='lat' dir='ltr'>tua</span> <span class='ocrx_word' id='word_1_108' title='bbox 550 2704 663 2758; x_wconf 79' lang='lat' dir='ltr'>sanata</span> <span class='ocrx_word' id='word_1_109' title='bbox 686 2692 796 2756; x_wconf 76' lang='lat' dir='ltr'>virens</span> <span class='ocrx_word' id='word_1_110' title='bbox 820 2713 945 2779; x_wconf 83' lang='lat' dir='ltr'>semper</span> <span class='ocrx_word' id='word_1_111' title='bbox 968 2690 1065 2757; x_wconf 81' lang='lat' dir='ltr'>Oliva</span> <span class='ocrx_word' id='word_1_112' title='bbox 1088 2690 1174 2776; x_wconf 73' lang='lat' dir='ltr'>solit,</span> 
     </span>
     <span class='ocr_line' id='line_1_21' title="bbox 286 2798 1129 2885; baseline -0.008 -17"><span class='ocrx_word' id='word_1_113' title='bbox 286 2801 364 2868; x_wconf 80' lang='lat' dir='ltr'>Siva</span> <span class='ocrx_word' id='word_1_114' title='bbox 386 2800 488 2865; x_wconf 85' lang='lat' dir='ltr'>bonas</span> <span class='ocrx_word' id='word_1_115' title='bbox 511 2800 601 2885; x_wconf 80' lang='lat' dir='ltr'>alias,</span> <span class='ocrx_word' id='word_1_116' title='bbox 624 2800 696 2885; x_wconf 90' lang='lat' dir='ltr'>quis</span> <span class='ocrx_word' id='word_1_117' title='bbox 720 2798 823 2885; x_wconf 83' lang='lat' dir='ltr'>gloria</span> <span class='ocrx_word' id='word_1_118' title='bbox 846 2799 1019 2885; x_wconf 83' lang='lat' dir='ltr'>quaeritur,</span> <span class='ocrx_word' id='word_1_119' title='bbox 1043 2807 1129 2862; x_wconf 69' lang='lat' dir='ltr'>ames</span> 
     </span>
     <span class='ocr_line' id='line_1_22' title="bbox 340 2902 1254 2995; baseline -0.004 -21"><span class='ocrx_word' id='word_1_120' title='bbox 340 2908 498 2995; x_wconf 76' lang='lat' dir='ltr'>Spectem,</span> <span class='ocrx_word' id='word_1_121' title='bbox 522 2916 557 2970; x_wconf 82' lang='lat' dir='ltr'>ut</span> <span class='ocrx_word' id='word_1_122' title='bbox 580 2908 615 2970; x_wconf 92' lang='lat' dir='ltr'>in</span> <span class='ocrx_word' id='word_1_123' title='bbox 637 2907 678 2970; x_wconf 88' lang='lat' dir='ltr'>iis</span> <span class='ocrx_word' id='word_1_124' title='bbox 701 2906 814 2992; x_wconf 86' lang='lat' dir='ltr'>possis,</span> <span class='ocrx_word' id='word_1_125' title='bbox 837 2926 898 2970; x_wconf 82' lang='lat' dir='ltr'>nea</span> <span class='ocrx_word' id='word_1_126' title='bbox 921 2913 979 2988; x_wconf 85' lang='lat' dir='ltr'>sat,</span> <span class='ocrx_word' id='word_1_127' title='bbox 1002 2902 1121 2969; x_wconf 81' lang='lat' dir='ltr'>habere</span> <span class='ocrx_word' id='word_1_128' title='bbox 1144 2927 1254 2991; x_wconf 84' lang='lat' dir='ltr'>pares:</span> 
     </span>
     <span class='ocr_line' id='line_1_23' title="bbox 285 3009 1300 3100; baseline -0.004 -22"><span class='ocrx_word' id='word_1_129' title='bbox 285 3014 360 3094; x_wconf 84' lang='lat' dir='ltr'>Qua</span> <span class='ocrx_word' id='word_1_130' title='bbox 382 3015 417 3078; x_wconf 89' lang='lat' dir='ltr'>in</span> <span class='ocrx_word' id='word_1_131' title='bbox 439 3037 549 3100; x_wconf 82' lang='lat' dir='ltr'>regam</span> <span class='ocrx_word' id='word_1_132' title='bbox 573 3015 768 3098; x_wconf 76' lang='lat' dir='ltr'>Augustum,</span> <span class='ocrx_word' id='word_1_133' title='bbox 795 3013 849 3078; x_wconf 81' lang='lat' dir='ltr'>aui</span> <span class='ocrx_word' id='word_1_134' title='bbox 873 3010 1021 3079; x_wconf 77' lang='lat' dir='ltr'>Sarmata</span> <span class='ocrx_word' id='word_1_135' title='bbox 1043 3009 1161 3076; x_wconf 78' lang='lat' dir='ltr'>militat</span> <span class='ocrx_word' id='word_1_136' title='bbox 1185 3013 1300 3094; x_wconf 84' lang='lat' dir='ltr'>omnis,</span> 
     </span>
     <span class='ocr_line' id='line_1_24' title="bbox 206 3116 1105 3207; baseline -0.004 -20"><span class='ocrx_word' id='word_1_137' title='bbox 206 3144 252 3187; x_wconf 86' lang='grc' dir='ltr'>ιο.</span> <span class='ocrx_word' id='word_1_138' title='bbox 335 3120 410 3200; x_wconf 82' lang='lat' dir='ltr'>Qua</span> <span class='ocrx_word' id='word_1_139' title='bbox 432 3122 467 3185; x_wconf 91' lang='lat' dir='ltr'>in</span> <span class='ocrx_word' id='word_1_140' title='bbox 489 3142 604 3207; x_wconf 85' lang='lat' dir='ltr'>regum</span> <span class='ocrx_word' id='word_1_141' title='bbox 627 3142 737 3205; x_wconf 79' lang='lat' dir='ltr'>ragam</span> <span class='ocrx_word' id='word_1_142' title='bbox 761 3129 856 3183; x_wconf 87' lang='lat' dir='ltr'>notus</span> <span class='ocrx_word' id='word_1_143' title='bbox 879 3140 913 3183; x_wconf 84' lang='lat' dir='ltr'>es</span> <span class='ocrx_word' id='word_1_144' title='bbox 936 3140 1006 3183; x_wconf 85' lang='lat' dir='ltr'>esse</span> <span class='ocrx_word' id='word_1_145' title='bbox 1028 3116 1105 3183; x_wconf 83' lang='lat' dir='ltr'><strong>fide:</strong></span> 
     </span>
     <span class='ocr_line' id='line_1_25' title="bbox 286 3223 1159 3312; baseline -0.003 -21"><span class='ocrx_word' id='word_1_146' title='bbox 286 3226 375 3306; x_wconf 79' lang='lat' dir='ltr'>Quid</span> <span class='ocrx_word' id='word_1_147' title='bbox 398 3227 527 3292; x_wconf 79' lang='lat' dir='ltr'>dicam?</span> <span class='ocrx_word' id='word_1_148' title='bbox 550 3226 696 3292; x_wconf 85' lang='lat' dir='ltr'>Abbates</span> <span class='ocrx_word' id='word_1_149' title='bbox 719 3227 803 3290; x_wconf 74' lang='lat' dir='ltr'>inter</span> <span class='ocrx_word' id='word_1_150' title='bbox 825 3223 1023 3312; x_wconf 81' lang='lat' dir='ltr'>praeclarius</span> <span class='ocrx_word' id='word_1_151' title='bbox 1046 3245 1159 3290; x_wconf 84' lang='lat' dir='ltr'>omnes</span> 
     </span>
     <span class='ocr_line' id='line_1_26' title="bbox 339 3329 1130 3419; baseline -0.004 -22"><span class='ocrx_word' id='word_1_152' title='bbox 339 3334 472 3399; x_wconf 88' lang='lat' dir='ltr'>Prussia</span> <span class='ocrx_word' id='word_1_153' title='bbox 495 3332 540 3397; x_wconf 90' lang='lat' dir='ltr'>nil</span> <span class='ocrx_word' id='word_1_154' title='bbox 563 3334 668 3397; x_wconf 86' lang='lat' dir='ltr'>omnis</span> <span class='ocrx_word' id='word_1_155' title='bbox 691 3342 785 3416; x_wconf 81' lang='lat' dir='ltr'>terra,</span> <span class='ocrx_word' id='word_1_156' title='bbox 808 3330 894 3419; x_wconf 91' lang='lat' dir='ltr'>quod</span> <span class='ocrx_word' id='word_1_157' title='bbox 917 3330 1000 3415; x_wconf 81' lang='lat' dir='ltr'>edat,</span> <span class='ocrx_word' id='word_1_158' title='bbox 1023 3329 1130 3395; x_wconf 86' lang='lat' dir='ltr'>habet.</span> 
     </span>
    </p>
   </div>
   <div class='ocr_carea' id='block_1_10' title="bbox 287 3527 771 3669">
    <p class='ocr_par' dir='ltr' id='par_1_10' title="bbox 287 3527 771 3669">
     <span class='ocr_line' id='line_1_27' title="bbox 288 3527 713 3593; baseline -0.007 -14"><span class='ocrx_word' id='word_1_159' title='bbox 288 3528 296 3557; x_wconf 90' lang='lat'><strong>¹</strong></span> <span class='ocrx_word' id='word_1_160' title='bbox 317 3535 377 3579; x_wconf 82' lang='lat' dir='ltr'>atra</span> <span class='ocrx_word' id='word_1_161' title='bbox 395 3527 526 3579; x_wconf 76' lang='lat' dir='ltr'>cerevisia</span> <span class='ocrx_word' id='word_1_162' title='bbox 544 3527 713 3593; x_wconf 79' lang='lat' dir='ltr'>gadanensis.</span> 
     </span>
     <span class='ocr_line' id='line_1_28' title="bbox 287 3615 771 3669; baseline -0.008 -1"><span class='ocrx_word' id='word_1_163' title='bbox 287 3617 298 3647; x_wconf 84' lang='lat'>²</span> <span class='ocrx_word' id='word_1_164' title='bbox 315 3619 362 3669; x_wconf 85' lang='lat' dir='ltr'>sic.</span> <span class='ocrx_word' id='word_1_165' title='bbox 382 3618 433 3668; x_wconf 89' lang='lat' dir='ltr'>Dio</span> <span class='ocrx_word' id='word_1_166' title='bbox 452 3618 509 3667; x_wconf 84' lang='lat' dir='ltr'>siva</span> <span class='ocrx_word' id='word_1_167' title='bbox 529 3617 589 3668; x_wconf 87' lang='lat' dir='ltr'>divo</span> <span class='ocrx_word' id='word_1_168' title='bbox 608 3616 625 3665; x_wconf 92' lang='lat' dir='ltr'>i.</span> <span class='ocrx_word' id='word_1_169' title='bbox 646 3632 668 3666; x_wconf 84' lang='lat' dir='ltr'>s.</span> <span class='ocrx_word' id='word_1_170' title='bbox 688 3615 771 3666; x_wconf 79' lang='lat' dir='ltr'>eaelo.</span> 
     </span>
    </p>
   </div>
   <div class='ocr_carea' id='block_1_11' title="bbox 642 3848 856 3856">
    <p class='ocr_par' dir='ltr' id='par_1_11' title="bbox 642 3848 856 3856">
     <span class='ocr_line' id='line_1_29' title="bbox 642 3848 856 3856; baseline -0.005 0"><span class='ocrx_word' id='word_1_171' title='bbox 642 3848 856 3856; x_wconf 73' lang='lat'><em>-.————--</em></span> 
     </span>
    </p>
   </div>
   <div class='ocr_carea' id='block_1_12' title="bbox 0 0 1512 5310">
    <p class='ocr_par' dir='ltr' id='par_1_12' title="bbox 0 0 1512 5310">
     <span class='ocr_line' id='line_1_30' title="bbox 0 0 1512 5310; baseline 0 0"><span class='ocrx_word' id='word_1_172' title='bbox 0 0 1512 5310; x_wconf 95' lang='lat' dir='ltr'> </span> 
     </span>
    </p>
   </div>
  </div>
 </body>
</html>
