3016 5310
128 404 202 453 Lxx
619 419 775 454 austrasio.

233 613 336 700 Saepe
358 613 448 700 ipsae
471 614 595 699 primae
619 612 793 679 ultimaeve
817 613 992 679 verborum
1023 612 1173 702 syllabae
1204 615 1266 678 iam

125 719 294 784 sufficiunt
317 719 358 784 ad
384 730 491 807 aptam
515 719 715 807 parochesim
739 720 817 785 inde
840 719 1077 807 proferendam.
1108 720 1169 806 Ita,
1194 743 1266 786 cum

125 826 335 894 Gadarenses
357 838 499 911 accusat,
523 827 609 914 quod
625 826 762 893 Polonos
779 838 944 893 senatores
959 851 1039 893 auro
1055 829 1266 915 corruperint,

125 946 161 999 ut
183 936 311 1000 mitiore
334 958 437 1021 poena
460 957 518 1021 pro
541 934 669 1000 delictis
692 934 910 1014 afficerentur,
943 935 1044 1000 utitur
1075 934 1180 1000 altero
1202 934 1267 1002 Ge-

124 1042 201 1108 dani
232 1044 323 1108 urbis
354 1043 483 1107 nomine
513 1042 773 1128 Dantiscumque
803 1040 996 1129 appellando
1031 1044 1150 1129 premit
1186 1042 1267 1107 duas

123 1152 245 1238 primas
269 1149 364 1214 huius
388 1150 529 1214 nominis
557 1148 701 1238 syllabas
732 1151 824 1237 quasi
855 1149 1061 1236 largitionem
1092 1160 1266 1236 arguentes

123 1259 163 1342 (I,
186 1259 261 1342 290,
284 1259 311 1342 Ι,
333 1268 365 1322 et
389 1256 445 1338 ΙΙ).
483 1256 638 1323 Similiter
669 1280 710 1321 ex
742 1257 855 1321 formis
887 1259 1110 1322 vocativorum
1142 1256 1266 1342 Zalevi,

122 1366 376 1443 Krzczonovici,
407 1362 623 1430 Obodkievici
647 1366 763 1451 repetit
794 1376 867 1452 apte
891 1362 1052 1429 voeabula
1077 1364 1183 1450 „levi“
1210 1365 1266 1450 (Π,

123 1474 198 1556 251,
221 1472 286 1556 58),
313 1472 424 1557 ,vitii“
451 1471 507 1556 (ΙΙ,
531 1472 605 1555 201,
629 1473 681 1556 26,
706 1473 747 1555 8),
779 1472 927 1558 ,vicisti“
961 1471 1018 1555 (ΙΙ,
1043 1472 1117 1555 126,
1140 1470 1267 1557 XVII),

122 1602 165 1645 ex
188 1578 293 1643 forma
317 1579 501 1643 Tarnavius
524 1579 722 1644 adiectivum
749 1579 883 1665 ,avius“
910 1579 966 1664 (ΙΙ,
990 1580 1064 1664 247,
1088 1579 1140 1663 52,
1158 1580 1201 1663 3),
1225 1602 1266 1644 ex

122 1688 272 1752 vocativo
295 1687 431 1751 Petcuni
456 1686 605 1750 dativum
632 1687 727 1771 „uni“
754 1687 809 1771 (ΙΙ,
835 1689 908 1772 131,
934 1689 975 1771 1),
1006 1709 1047 1750 ex
1076 1685 1182 1750 forma
1205 1685 1266 1750 tal-

122 1794 221 1858 herus
245 1794 486 1858 substantivum
513 1792 649 1877 ,561116α
675 1794 713 1877 (Ι,
737 1796 811 1877 298,
834 1794 878 1876 ΙΙ,
904 1797 945 1877 1).

230 1900 394 1964 Ausonius
419 1910 512 1986 poeta
535 1900 621 1965 hanc
644 1902 777 1965 nimiam
802 1901 970 1988 levemque
1001 1903 1035 1965 iu
1064 1899 1266 1965 carminibus

123 2010 191 2073 suis
214 2009 394 2074 minoribus
418 2019 520 2073 artem
551 2009 750 2093 ostentabat,
782 2021 816 2073 ut
846 2008 1052 2073 hexametros
1083 2006 1265 2096 dactylicos

123 2117 276 2182 continuo
288 2115 522 2206 monosyllabis
535 2116 709 2200 clauderet,
732 2139 963 2203 nonnunquam
981 2117 1078 2180 etiam
1098 2116 1266 2202 inciperet

123 2226 162 2288 In
186 2246 321 2310 quorum
346 2246 480 2288 numero
509 2246 608 2287 unum
641 2245 772 2288 carmen
803 2223 865 2288 hoc
894 2222 992 2287 habet
1023 2221 1200 2306 singulare,
1232 2232 1266 2286 ut

122 2343 268 2396 extrema
291 2355 358 2396 vox
381 2331 437 2395 illa
461 2329 686 2419 monosyllaba
702 2331 895 2418 respondeat
911 2330 953 2394 ad
968 2330 1265 2414 interrogationem,

123 2448 231 2503 cetera
261 2438 440 2503 hexametri
471 2449 563 2525 parte
594 2439 790 2525 propositam
822 2441 886 2524 (pg.
911 2437 975 2502 165
999 2461 1045 2523 sq.
1075 2436 1124 2502 ed.
1148 2437 1266 2523 Peiper

122 2569 150 2610 a.
175 2547 283 2628 1886).
318 2548 424 2626 Quem
448 2555 579 2610 secutus
602 2546 745 2634 Royzius
768 2568 839 2608 rem
861 2544 908 2608 ita
930 2544 1133 2628 immutavit,
1155 2555 1192 2608 ut
1215 2545 1266 2608 in-

121 2654 222 2739 tegris
245 2652 443 2718 hexametris
466 2653 639 2742 dactylicis
663 2652 854 2717 distichisve
869 2652 1023 2737 elegiacis
1038 2652 1267 2737 iuterrogatio-

120 2782 197 2825 nem
219 2771 426 2846 proponeret,
457 2783 646 2847 responsum
671 2783 748 2826 vero
779 2761 813 2823 in
846 2758 968 2823 ultimis
992 2757 1135 2823 eiusdem
1164 2757 1266 2823 hexa-

121 2869 214 2932 metri
239 2878 295 2931 aut
319 2866 449 2930 distichi
474 2866 610 2955 syllabis
634 2867 825 2933 reconderet
841 2866 879 2950 (Ι,
896 2867 960 2931 298
978 2890 1032 2952 sq,
1051 2867 1103 2950 15,
1126 2865 1192 2930 Iet
1209 2866 1265 2947 ΙΙ).

121 2975 174 3038 Ex
204 2998 267 3060 quo
297 2996 416 3059 genere
447 2988 496 3039 est
526 2977 622 3040 ctiam
654 2976 805 3060 aenigma
837 2972 917 3037 illud
950 2974 983 3036 iu
1015 2972 1141 3037 Alberti
1165 2972 1264 3036 Lasci

120 3094 258 3146 stemma
288 3082 383 3145 navis
407 3083 548 3168 imagine
572 3083 781 3168 insignitum,
812 3083 846 3145 in
877 3103 940 3167 quo
971 3082 1065 3144 navis
1097 3080 1190 3166 quasi
1222 3101 1264 3143 ex

120 3189 255 3254 vocibus
282 3190 426 3274 „navis“,
453 3189 564 3274 „avis“
589 3200 686 3276 atque
712 3189 802 3274 ,vis“
830 3189 1007 3274 composita
1031 3196 1190 3251 tractatur
1207 3187 1264 3270 (ΙΙ,

122 3297 186 3361 136
210 3319 264 3382 sq,
289 3296 377 3376 Vll).
415 3296 508 3362 Oonf.
532 3297 575 3382 ΙΙ,
599 3297 665 3361 410
689 3320 743 3382 sq,
767 3295 927 3376 VI-IX3
957 3296 1021 3358 226
1046 3318 1100 3380 sq,
1128 3293 1264 3358 XXIII.

227 3403 297 3467 Iam
323 3404 391 3468 lere
413 3405 526 3487 exeis,
550 3427 632 3489 quae
647 3403 816 3489 hucusque
832 3402 920 3466 dieta
937 3412 1021 3485 sunt,
1045 3401 1141 3465 facile
1158 3403 1266 3487 suspi-

120 3510 204 3575 ceris
226 3510 387 3598 Royzium
411 3511 445 3574 in
469 3510 671 3576 carminibus
695 3508 927 3596 componendis
951 3531 1044 3573 usum
1069 3531 1140 3573 esse
1160 3507 1264 3574 libero

119 3619 312 3705 proprioque
335 3617 465 3682 iudicio.
504 3618 597 3698 Quae
620 3619 763 3704 suspicio
786 3616 1033 3682 confirmabitur
1057 3614 1187 3700 singula
1210 3639 1264 3680 ar-

119 3727 282 3810 gumenti,
317 3725 551 3789 sententiarum
586 3725 709 3789 ordinis
743 3723 997 3808 elocutionisque
1031 3723 1263 3788 scrutantibus

119 3832 288 3918 Nusquam
313 3832 399 3895 enim
423 3832 574 3897 servilem
608 3834 642 3895 in
674 3832 806 3896 modum
838 3831 1004 3916 exemplar
1027 3829 1167 3894 alicuius
1191 3852 1264 3895 car-

119 3940 216 4002 minis
242 3940 382 4005 uniusve
405 3941 547 4004 auctoris
570 3940 771 4026 antiquitatis
795 3949 945 4021 sectatur,
977 3937 1079 4002 libere
1112 3949 1263 4004 versatur

119 4047 207 4110 etin
231 4048 366 4110 materia
390 4057 421 4111 et
444 4048 477 4110 in
502 4046 608 4111 forma
631 4046 836 4129 invenienda.
861 4046 975 4110 scribit
990 4046 1049 4128 ita,
1075 4057 1110 4109 ut
1125 4045 1265 4131 exigunt

118 4165 264 4239 tempora
287 4177 459 4240 rerumque
484 4154 704 4239 condiciones,
735 4155 853 4239 quibus
878 4154 986 4217 utitur.
1027 4153 1140 4239 Itaque
1164 4154 1262 4217 etiam

119 4260 175 4324 illa
199 4272 289 4326 extra
315 4274 544 4347 argumentum
568 4263 668 4349 petita
692 4263 794 4326 otiosa
811 4263 983 4347 ineptaque
1000 4260 1184 4324 fabularum
1202 4281 1263 4323 an·

118 4370 282 4455 tiquarum
312 4371 624 4455 commemoratione,
656 4393 719 4456 qua
750 4369 888 4434 cultiora
919 4369 988 4434 fieri
1025 4390 1084 4430 sua
1114 4368 1262 4431 carmina

118 4477 274 4540 rebantur
305 4478 401 4563 primi
432 4479 672 4542 renascentium
704 4477 906 4564 antiquitatis
939 4475 1117 4540 litterarum
1147 4484 1262 4560 poetae
