3016 5310
661 464 826 501 tristamus.

1199 448 1304 555 πθ

268 658 354 738 Quin
377 660 482 745 magis
505 658 690 745 indignans,
715 658 786 722 dira
810 680 870 722 eeu
893 658 1007 745 pulsus
1030 659 1164 748 Eriny1,

268 766 305 831 In
326 765 485 854 templum
507 765 662 831 frendens
685 766 750 829 ruit
774 764 987 850 obiurgatque
1009 775 1172 831 morantes

268 870 427 958 Armatos,
450 872 572 937 resides
596 873 729 956 animos,
753 871 898 936 imbellia
920 871 1020 936 eorda

268 979 450 1065 Exclamat,
473 980 529 1065 qui
552 1002 618 1044 non
640 980 706 1043 iam
730 978 855 1043 dudum
878 1001 921 1043 ex
944 978 1023 1043 aede
1043 978 1201 1044 revellunt

186 1104 239 1150 roo.
265 1086 457 1152 Pontificem
478 1096 510 1151 et
533 1087 634 1151 saeris
657 1095 843 1172 operantem
867 1084 967 1150 caede
990 1096 1168 1170 eruentem,

269 1191 485 1279 Suooeditque
508 1194 597 1279 operi
620 1192 776 1257 scelerato
800 1202 831 1256 et
854 1192 958 1256 fertur
979 1193 1014 1255 in
1036 1191 1170 1277 hostem,
1195 1230 1232 1241 -

268 1298 340 1363 Non
362 1298 496 1383 hostem,
519 1299 635 1364 infelix
659 1299 716 1364 sed
740 1321 836 1384 quem
861 1298 922 1362 sibi
946 1299 1068 1364 fecerat
1090 1297 1224 1362 hostem

268 1407 427 1471 Dextram
449 1407 629 1491 iniecturus
652 1408 782 1492 iamque
805 1406 979 1470 avulsurus
1002 1406 1043 1471 ab
1068 1429 1125 1471 ara

268 1514 467 1598 Pontificem,
491 1514 640 1599 ferroque
662 1515 770 1578 virum
794 1513 915 1578 violare
938 1523 1071 1600 paratus

185 1634 240 1683 ras.
264 1621 371 1709 Atque
393 1619 479 1704 deos,
502 1631 587 1685 retro
609 1643 668 1686 rex
690 1621 717 1684 it
740 1659 783 1669 -
806 1620 955 1684 mirabile
977 1621 1051 1684 visu
1075 1658 1118 1668 —

268 1726 307 1791 In
329 1737 513 1814 terramque
536 1727 594 1791 ulli
618 1750 683 1792 non
706 1738 813 1792 taetus
835 1727 978 1792 volvitur
1000 1749 1112 1791 amens

268 1834 428 1918 Protinus,
450 1835 667 1925 immotusque
689 1836 774 1899 iaeot
797 1857 857 1899 eeu
880 1844 1016 1899 truncus
1039 1831 1130 1897 humi
1152 1855 1221 1897 rex.

268 1938 345 2005 Mox
368 1963 505 2027 surgens
529 1943 700 2027 animoque
723 1951 889 2027 resumpto,
910 1963 1022 2004 rursus
1046 1941 1081 2003 in
1104 1962 1194 2004 aram

268 2046 298 2110 It
320 2047 469 2135 ferroque
494 2059 592 2135 eaput
614 2048 764 2114 faoiontis
790 2070 883 2112 saera
907 2047 1025 2113 eeeidit

184 2164 240 2214 170.
266 2152 432 2219 Pontificio
455 2177 649 2240 caesumque
673 2154 772 2219 trahit
797 2154 957 2219 violentus
982 2154 1022 2217 ab
1047 2176 1112 2237 ara,

264 2261 353 2349 ,Ante
376 2261 525 2347 foresque
548 2273 643 2325 neoat
665 2260 786 2347 templi.
821 2262 983 2326 Timuisso
1005 2259 1187 2346 putandum
1210 2268 1260 2324 est

268 2367 440 2432 'l'eetorum
464 2390 577 2432 casum
600 2378 632 2432 et
655 2369 834 2455 praesentis
857 2368 1001 2431 numinis
1024 2367 1115 2450 iram,

268 2473 315 2538 Ne
339 2496 410 2539 sese
432 2474 540 2540 media
563 2475 686 2540 vindex
708 2476 743 2538 in
767 2474 866 2539 oaede
889 2473 1026 2538 laounar

268 2578 392 2645 Obruat
415 2591 447 2646 et
471 2581 659 2647 sceleratam
684 2582 835 2665 animam,
858 2579 979 2645 scelere
1002 2580 1086 2644 ultor
1110 2581 1143 2644 in
1166 2580 1246 2666 ipso,

185 2696 239 2749 trs.
266 2687 403 2752 Auferat
425 2689 509 2752 irata
534 2688 650 2753 dextra
672 2689 764 2752 Deua
788 2698 819 2752 et
842 2708 922 2751 nece
946 2709 1051 2770 saeva,

269 2793 421 2882 Quasque
444 2796 556 2860 furens
579 2780 705 2859 animis¹
720 2794 857 2859 violarat
880 2804 1023 2882 martyre
1047 2816 1149 2877 caesa,

268 2901 341 2989 Ipse
364 2924 479 2967 eruore
503 2925 561 2966 suo
585 2913 728 2966 sacratas
752 2901 876 2965 imbuat
900 2923 982 2964 aras.

355 3008 429 3073 Non
453 3010 531 3073 satis
555 3009 689 3072 immani
714 3009 819 3071 fuerat
843 3029 1003 3093 saevoque
1024 3017 1166 3095 tyranno

267 3115 457 3180 Pontificem
480 3117 547 3180 vita
573 3114 711 3202 spoliare
734 3126 765 3179 et
789 3124 930 3178 sternere
953 3114 1047 3198 ferra,

184 3229 239 3280 ¹⁸0·
266 3221 421 3288 Sanctum
443 3224 638 3310 pontificem,
651 3223 725 3299 vnisi
749 3231 880 3286 eentum
902 3222 935 3284 in
959 3220 1063 3284 frusta
1087 3217 1228 3283 cadaver

268 3328 354 3393 Ense
377 3340 464 3395 seoet
487 3340 681 3415 spargatque
705 3339 868 3392 sacratum
892 3349 1008 3413 eorpus
1032 3328 1066 3390 in
1090 3348 1195 3390 auras.

268 3435 353 3500 Ante
376 3436 461 3500 fores
485 3458 562 3522 ergo
585 3459 650 3499 non
675 3459 739 3499 uno
762 3433 896 3498 vulnere
919 3432 1053 3498 eaedem

269 3541 410 3628 Expedit
435 3543 614 3607 —offensi
638 3542 716 3628 quid
741 3565 805 3605 non
829 3541 908 3604 faoit
931 3541 980 3604 ira
1002 3538 1157 3628 tyranni?

268 3647 307 3712 In
330 3659 438 3736 partes
462 3672 579 3736 eorpus
604 3672 700 3714 saevo
723 3660 810 3713 secat
834 3669 910 3711 ense
934 3647 1085 3709 minutas.

183 3757 238 3813 ¹⁸5.
266 3754 352 3821 Hine
361 3756 543 3843 eaputinde
556 3779 681 3840 manus,
692 3756 841 3820 dextram
848 3753 926 3817 hino
935 3763 1030 3838 atque
1043 3750 1119 3815 inde
1128 3750 1302 3836 sinistram,

268 3861 349 3927 Inde
372 3863 480 3950 pedes,
503 3885 610 3949 genua
633 3861 710 3926 hino
734 3860 859 3926 divellit
883 3858 923 3923 ab
948 3857 1083 3922 artubus
1106 3868 1213 3923 artus:

268 3969 340 4034 Non
364 3979 455 4055 tergo
479 3971 593 4034 cervix
614 3969 799 4034 humorisve
821 3967 953 4031 haesere
975 3964 1099 4049 laoerti,

268 4075 341 4141 Non
365 4077 453 4144 eruri
476 4077 592 4160 femur,
615 4075 737 4140 avulsis
761 4098 826 4139 non
849 4073 931 4137 tibia
954 4073 1047 4136 suris.

268 4182 433 4248 Barbarus
457 4193 493 4247 nt
517 4183 681 4269 quondam
705 4204 781 4246 earo
804 4179 935 4246 crudele
957 4190 1122 4265 perempto

181 4321 366 4344 N*—

270 4432 279 4462 ¹
297 4436 395 4486 Forma
412 4433 480 4485 haee
496 4440 572 4484 earet
589 4431 751 4483 arroteritate
763 4431 933 4498 antiquorum
961 4428 1086 4478 Ceterum
1098 4425 1180 4476 editio
1193 4423 1306 4476 exhibet

180 4507 247 4580 ⁸¹5¹st
264 4532 290 4576 et
307 4525 347 4576 ita
364 4523 423 4590 ipse
442 4525 473 4574 R.
493 4521 599 4592 videtur
617 4521 764 4586 scripsisse.
