3016 5310
692 1438 736 1498 V.

369 1640 1056 1752 CONSOLATORIUM.

689 1857 743 1902 ητ

692 2079 742 2142 19.

694 2273 736 2322 Ad

295 2392 751 2462 SIGISMUNDUM
789 2395 1135 2484 AUGUqum

583 2539 733 2591 Sarmatiae
752 2556 851 2607 ragam,

385 2719 580 2780 CARMEN
605 2717 1042 2782 CONSOLATORIUM1.

249 2908 353 2974 Parae
375 2929 485 2973 sacras
508 2917 665 2973 temerare
688 2931 801 2994 genas:
826 2909 904 2995 quid
927 2908 1071 2974 luctibus
1094 2930 1159 2992 ora,

248 3013 322 3081 Rex
342 3015 502 3100 Auguste,
526 3014 682 3080 madunt?
705 3037 765 3080 aur
786 3014 918 3101 turgida
941 3015 1066 3080 lumina
1088 3015 1210 3081 carno?

248 3120 387 3209 Regales
410 3122 552 3186 moriens
574 3121 733 3186 thalamos
755 3132 812 3186 tua
834 3122 980 3188 Barbara
1002 3122 1110 3209 liquit:

249 3227 334 3314 Hau,
356 3229 494 3293 nimium
517 3228 638 3294 dilecta
659 3229 720 3294 tibi
743 3238 957 3316 superataque
980 3229 1066 3315 fatis,

189 3357 216 3401 a.
248 3333 420 3401 Summum
443 3336 558 3401 funeta
580 3335 667 3401 diam
691 3337 788 3419 vitae,
809 3336 877 3399 iam
900 3335 1021 3422 frigida
1043 3346 1110 3402 toto

248 3442 390 3530 Corpora
413 3443 488 3506 fusa
510 3444 603 3527 iacet,
626 3442 786 3529 longoque
809 3443 926 3529 supina
949 3444 1067 3509 feretro

247 3549 332 3615 Visa
353 3550 418 3615 aiat
440 3550 592 3615 lacrimas
616 3560 647 3614 et
671 3549 788 3614 acerbo
810 3558 925 3636 peetus
948 3550 1088 3614 amantis

247 3655 377 3722 Funera
400 3658 570 3722 contristat
580 3657 600 3722 ².
631 3655 805 3721 Thalamos
828 3657 962 3721 inimica
984 3655 1072 3743 quid,
1096 3680 1115 3721 0
1139 3679 1233 3744 mors,

246 3764 391 3850 Augusti
414 3765 482 3827 ruis
505 3765 539 3827 in
564 3765 665 3828 nostri
688 3786 750 3829 nea
773 3786 906 3851 parcere
929 3763 1039 3848 discis,

168 3892 215 3937 ro.
245 3869 329 3936 Fata
352 3893 451 3934 manu
475 3871 640 3958 letumque
664 3870 796 3935 ferens?

822 3978 893 4063 Illa,
916 3977 1029 4043 inolita
1052 3978 1158 4064 gantis

251 4173 433 4240 ¹Rspatitum
461 4174 496 4223 ad
520 4173 664 4223 aditionem
689 4172 888 4224 cracoviensem
917 4188 940 4223 a.
971 4171 1048 4224 1553.
1080 4172 1286 4239 Epigrammata

163 4268 276 4327 statanor,
296 4265 330 4314 ad
349 4264 452 4314 caleam
471 4262 549 4312 huius
568 4259 698 4331 [editionis
724 4277 831 4323 excusa,
857 4269 1040 4326 proponuntur
1064 4262 1135 4312 inter
1160 4260 1282 4312 carmina

163 4369 253 4405 unora.

250 4440 401 4494 'Barbara
419 4443 470 4492 obi.
491 4457 514 4492 a.
537 4441 604 4494 1551
630 4458 653 4492 a.
680 4443 704 4491 d.
727 4443 790 4492 vm
808 4442 846 4491 Id.
873 4441 935 4492 Mai.
961 4440 1184 4506 duodetrigesimo
1210 4445 1286 4492 aeta·

163 4548 178 4583 Ι
196 4547 276 4585 mo.
