3016 5310
182 671 253 716 stc.
289 648 459 738 sceptrum
483 651 568 717 serre
591 674 703 717 manu:
727 663 758 717 et
782 653 861 717 solio
884 652 1026 718 residere
1047 663 1183 740 paterno
1195 658 1214 718 ¹.

288 757 380 822 Haec
404 759 468 822 nisi
491 758 627 823 romulei
650 781 759 845 regern
783 759 955 824 clementia
978 760 1079 846 patris

287 864 489 931 Indulsisset.
513 887 589 953 opes
612 875 794 931 vestrorum
817 865 1004 952 Lechiaque
1026 867 1104 931 isset

286 971 423 1037 Pessum
447 973 561 1056 omnis,
584 973 642 1036 vix
665 981 697 1036 et
721 983 881 1037 servasset
904 973 994 1059 regia
1018 994 1145 1057 nomen,

287 1078 349 1143 Tot
372 1078 535 1165 discerpta
558 1078 650 1163 odiis,
677 1078 761 1143 bello
784 1078 862 1143 hinc
885 1088 981 1165 atque
1005 1078 1081 1143 inde
1104 1090 1277 1167 premente

378 1185 466 1272 Rege
490 1185 569 1271 quid
593 1185 672 1250 orba
695 1209 753 1249 suo
776 1185 892 1270 valeat,
916 1186 994 1273 quid
1019 1186 1159 1273 denique
1183 1188 1267 1274 regis

286 1291 462 1356 Praesidiis
484 1314 565 1377 gens
585 1302 656 1356 tuta
680 1293 730 1355 sui
754 1292 951 1378 defensaque
975 1302 1110 1379 sceptra,

289 1397 500 1463 Sauromatae
523 1422 541 1462 0
566 1398 674 1482 sortes,
696 1422 755 1463 vos
779 1400 851 1463 aevi
875 1398 1024 1485 exempla
1047 1400 1163 1485 prioris

287 1504 393 1568 Tanta
415 1515 555 1589 monent,
580 1505 768 1593 sterilesque
791 1505 868 1569 olim
891 1505 1048 1570 decedere
1071 1527 1164 1591 reges

287 1610 472 1696 Regnorum
496 1611 662 1677 excidium
686 1622 820 1697 certum,
844 1604 1074 1699 interitumque
1096 1611 1207 1677 fuisse.

247 1769 253 1781 .
289 1718 428 1782 'lhistim
451 1717 539 1782 haud
563 1741 706 1805 unquam
730 1718 793 1782 diri
818 1718 937 1783 fulsere
961 1728 1114 1802 cometae,

290 1824 538 1911 Sanguinaeque
562 1827 651 1889 viam
676 1847 806 1890 secuere
830 1848 888 1912 per
911 1824 1041 1890 aethera
1064 1827 1164 1909 crine,

288 1930 396 2010 Quam
421 1952 496 1995 cum
520 1930 614 1995 orbos
638 1931 803 2018 quondam
826 1933 997 1996 morituros
1021 1932 1127 1997 sidere
1150 1953 1242 2017 reges

288 2037 485 2103 Praedixere
509 2062 568 2103 suo
592 2038 745 2125 nulloque
768 2038 886 2103 herede
909 2039 1035 2105 relicto!

378 2146 465 2231 Ergo
477 2146 562 2233 agite
570 2147 766 2232 Augustum
779 2168 936 2232 proceres,
947 2167 1043 2232 prece
1056 2145 1203 2233 supplice
1215 2163 1317 2231 regem

248 2301 255 2314 .
291 2250 398 2336 Orate,
422 2252 463 2316 ad
487 2252 645 2317 thalamos
668 2252 905 2342 hymenacique
928 2275 1028 2317 aurea
1049 2252 1160 2318 vincla

289 2358 441 2445 Perpetui
464 2370 620 2446 properet,
645 2359 698 2424 det
722 2358 831 2424 debita
853 2360 991 2446 pignora
1013 2381 1122 2446 regno,

290 2464 451 2529 Heredem
475 2465 674 2552 multamque
697 2465 773 2530 olim
797 2476 868 2552 post
892 2465 1008 2531 funera
1030 2475 1160 2552 gentem

289 2572 431 2657 Linquat
454 2595 515 2636 avo
539 2572 662 2655 similis,
685 2571 824 2637 tremula
847 2573 900 2637 cui
923 2574 1014 2658 regia
1037 2572 1153 2637 dextra

290 2678 424 2764 Sceptra
448 2701 547 2743 senex
571 2679 686 2743 tradat.
718 2678 934 2765 Serorumque
958 2679 1036 2744 ordo
1059 2689 1213 2766 nepotum

248 2835 255 2848 .
291 2783 372 2848 Inde
395 2784 475 2848 fluat
497 2807 611 2872 perpes
635 2807 695 2850 nec
719 2784 917 2850 demoritura
941 2809 1091 2873 propago,

289 2893 440 2977 Augusto
464 2892 587 2977 similis,
609 2914 724 2979 pacem
747 2915 829 2979 quac
852 2892 1013 2981 praeferat
1037 2893 1145 2976 armis,

289 2999 450 3084 Antiquos
474 2999 555 3063 fines
578 3000 672 3085 regni
696 3010 726 3064 et
751 3021 810 3062 sua
834 3000 961 3064 moenia
984 3020 1127 3063 servans.

289 3104 516 3191 Iustitiamque
539 3105 633 3190 colat,
655 3106 784 3192 pietatis
808 3106 914 3170 amica
936 3105 1059 3190 beatae,

290 3213 439 3277 Praemia
461 3212 574 3276 virtuti
598 3213 793 3298 meritosque
816 3213 974 3277 instauret
996 3211 1142 3277 honores.

249 3369 256 3383 .
290 3318 441 3383 Invisum
465 3318 561 3384 feriat
584 3319 690 3384 scelus
713 3329 744 3383 et
769 3319 860 3404 fuget
883 3319 963 3384 urbe
985 3328 1146 3402 nocentes,

290 3425 460 3490 Insontum
484 3425 585 3491 tutela
609 3427 698 3512 sequi
722 3436 754 3491 et
776 3426 854 3490 data
876 3427 949 3490 iura
971 3426 1146 3490 volentum.

290 3533 483 3618 Progeniem
506 3533 603 3598 talem
627 3536 806 3619 Augustus,
830 3542 901 3619 post
925 3556 996 3598 scra
1017 3533 1205 3620 relinquens

288 3639 371 3703 Fata
394 3663 502 3724 senex,
526 3641 683 3727 annisque
707 3639 784 3704 olim
808 3640 975 3705 confectus
998 3651 1030 3704 et
1053 3662 1133 3705 aevo

291 3746 463 3811 Decedens
486 3749 589 3831 terris,
612 3770 731 3832 magno
755 3770 788 3811 sc
812 3748 904 3811 sistat
928 3746 1094 3837 Olynrpo²

185 3881 392 3890 ——-—....

297 3940 305 3969 ¹
323 3943 441 3992 Tradunt
463 3943 528 3992 traco
548 3943 579 3992 de
599 3943 730 3991 Casirniro
750 3942 792 3992 sti.
809 3942 946 3992 Benedicti
960 3942 1069 4007 regulae
1084 3942 1207 3993 Cluniaei
1221 3942 1326 3992 initiato

185 4031 409 4095 diaconatumque
435 4033 528 4081 sortito
554 4033 712 4096 posteriores
737 4031 896 4080 Polonorum
923 4032 1051 4094 historici,
1075 4032 1185 4094 refutat,
1211 4038 1241 4081 ut
1264 4030 1323 4081 ficta

186 4120 318 4183 falsaque,
337 4122 523 4171 Narnsaewicz
543 4122 681 4184 (ilistorya
700 4137 725 4168 n.
746 4137 770 4183 p.
792 4128 846 4168 tom
865 4122 908 4185 ll).
931 4121 1044 4184 Royzius
1064 4121 1131 4171 hacc
1145 4128 1192 4171 aut
1205 4119 1234 4170 in
1247 4120 1324 4172 chro-

186 4209 254 4259 nicis
274 4209 393 4258 tiathiae
412 4209 590 4258 Miechovitae
606 4208 749 4258 Biclsciivc
762 4208 837 4272 legit,
857 4218 904 4258 aut
921 4210 1033 4258 sortasse
1047 4209 1152 4273 aceepit
1166 4225 1183 4259 a
1196 4209 1323 4269 Cremera,

295 4385 305 4414 ²
325 4389 383 4437 Hoc
403 4388 460 4437 loco
480 4388 643 4451 adscriptum
657 4387 755 4451 legitur
766 4387 794 4435 in
808 4387 936 4436 editione:
960 4389 1094 4448 „stuata
1104 4403 1194 4438 mensa
1205 4387 1322 4438 martio“.

625 4535 893 4589 -ἡμ-
