3016 5310
186 446 277 539 2²4-.

663 459 739 493 rnatu
759 458 848 492 ΒΟΠΠ

454 531 460 534 .
482 529 583 535 ——.
605 529 640 534 ..-
705 528 848 535 ..ψ-
1229 532 1328 539 ——,

857 542 885 547 -.
909 542 985 548 ..-
1010 542 1328 552 --η-ῄ--ι

293 654 517 740 Turbavitque
540 663 626 718 toros
650 653 868 739 comitumque
893 650 1015 717 cubilia
1038 652 1133 738 fudit,

347 762 452 847 Seque
476 771 562 825 retro
585 761 619 823 in
644 760 748 824 fontes
771 760 856 824 ferre
880 759 985 845 coegit
1008 781 1118 847 aquas.

294 868 407 933 Aeolia
430 869 547 932 excitis
572 866 636 931 late
660 866 739 930 furit
762 866 866 932 Istula
888 865 1018 952 nimbis,

347 974 485 1061 Quaque
509 976 563 1040 via
586 975 700 1060 coepit,
723 984 878 1061 pernegat
901 974 949 1039 ire
973 985 1084 1040 ratem.

213 1106 260 1147 us.
291 1081 452 1145 Fluminis
476 1080 620 1145 intrandi
643 1081 760 1144 tumidi
785 1104 857 1168 spes
882 1081 987 1144 omnis
1011 1080 1161 1167 adempta
1185 1090 1243 1166 est,

347 1188 448 1253 Terra
472 1188 577 1251 metiri
600 1197 689 1273 peste
712 1197 860 1252 vetamur
882 1188 951 1251 iter.

294 1295 461 1360 Pontificis
485 1317 598 1359 saevos
624 1295 743 1359 veritos
766 1294 926 1358 iuraveris
949 1316 1052 1378 euros,

346 1402 396 1466 Ne
419 1423 509 1465 mora
534 1402 575 1464 sit
598 1410 738 1487 coeptae,
761 1422 860 1487 quam
884 1410 973 1465 secat
995 1399 1059 1484 ille,
1083 1400 1165 1465 viae.

292 1508 485 1574 Conticuere
509 1508 637 1591 etenim,
662 1528 737 1571 eum
761 1507 888 1571 caelum
912 1506 1076 1571 albescere
1100 1506 1216 1592 coepit,

213 1638 259 1680 ao.
344 1615 386 1678 Et
410 1614 488 1678 lenti
512 1613 624 1677 flabris
648 1613 833 1679 abstinuere
857 1613 932 1677 suis.

293 1721 389 1785 Flant
413 1720 502 1785 lenes
526 1742 633 1804 atinae,
656 1719 785 1805 placido
808 1720 880 1783 tluit
902 1719 1007 1783 Istula
1031 1741 1138 1803 cursu,

347 1828 388 1891 Et
412 1828 477 1892 cita
501 1826 557 1890 dat
580 1827 706 1891 modico
730 1828 851 1913 remige
874 1838 966 1913 terga
989 1828 1060 1892 rati,

294 1936 366 1999 Hac
390 1934 555 1999 sulcamus
580 1957 689 2019 aquas,
715 1944 749 1998 ut
772 1942 960 2020 tempestate
983 1934 1138 2020 benigna;

346 2041 401 2107 Sic
425 2042 516 2105 strati
541 2040 719 2104 incolumes
743 2040 920 2104 clausimus
944 2042 1048 2105 aninis
1072 2042 1141 2106 iter,

211 2170 259 2212 us.
289 2149 443 2212 Proxima
467 2147 666 2213 Soboovios¹
689 2170 753 2234 qua
776 2149 930 2234 prospicit
954 2148 1057 2213 Istula
1080 2170 1222 2234 campos,

346 2255 499 2320 Succedit
523 2265 626 2320 terrae
650 2255 778 2340 praesul
802 2266 834 2320 et
857 2277 936 2319 arva
959 2265 1054 2320 tenet.

293 2361 427 2427 Scandit
451 2362 507 2426 ubi
532 2361 679 2425 sublimis
703 2362 803 2448 equis,
826 2385 902 2426 mox
925 2361 1039 2427 esseda
1062 2363 1191 2447 iuuetis,

346 2467 398 2532 Ad
424 2467 629 2554 Sobcumque
653 2468 746 2533 brevi
769 2470 898 2533 tramite
922 2470 1006 2533 sistit
1028 2470 1098 2533 iter.

292 2574 353 2639 Oui
376 2576 489 2659 gravis
513 2586 688 2638 autumnus
713 2576 817 2659 cessit,
842 2577 959 2662 cuique
982 2574 1113 2662 Aeolus,
1137 2577 1254 2659 amnis3

210 2702 256 2744 lo.
340 2681 402 2746 Oui
426 2682 580 2766 tumidus,
603 2693 668 2745 toto
692 2690 723 2745 et
747 2681 852 2747 sidere
876 2683 954 2746 luna
977 2683 1088 2748 micat:

290 2787 411 2852 Deberi
435 2787 513 2853 huie
538 2788 663 2852 caelum
688 2798 719 2852 et
743 2788 868 2853 viventi
892 2789 1008 2853 altaria
1030 2789 1138 2855 (licam

343 2894 411 2958 Ulli
435 2906 637 2981 praesentem
662 2917 722 2960 nee
745 2897 850 2981 magis
874 2918 944 2961 esse
966 2896 1084 2961 Deum.

737 3300 771 3366 4.

417 3491 1087 3576 nesulu.ouuuoov10

519 3619 553 3668 ad
573 3619 743 3669 (iudanouses
763 3620 957 3671 tumultuantes
966 3617 983 3670 ².

741 3778 766 3842 1.

288 3901 404 3985 Agnus
428 3910 564 3964 stemma
588 3901 659 3965 viro
683 3912 742 3982 cst3
767 3903 909 3988 insignia
932 3904 1023 3968 mitia
1045 3915 1179 3993 gestans

340 4007 412 4071 Non
437 4007 661 4072 formidandus
685 4009 823 4095 praesul,
848 4010 1007 4075 amandus
1031 4020 1108 4096 erat.

289 4247 296 4276 ¹
318 4247 387 4295 Loco
406 4246 477 4308 huie,
504 4247 537 4295 ad
560 4247 699 4296 (ledanum
718 4248 777 4306 sito,
804 4250 886 4298 fuisse
912 4265 1008 4299 nornen
1032 4249 1171 4316 Soblxowe,
1198 4259 1271 4318 patet
1288 4266 1316 4302 ex

180 4333 215 4385 bb
233 4334 349 4398 epistula
368 4336 518 4385 Zebridovii
538 4336 616 4389 (Acta
636 4337 696 4386 hist.
718 4340 738 4399 1,
759 4338 903 4388 Oraeoviae
924 4337 1002 4402 1878,
1022 4356 1065 4404 pg.
1085 4338 1138 4405 ὃὸ).

287 4420 297 4451 ’
315 4423 597 4489 Adpropiuquautibus
618 4427 697 4490 regiis
718 4427 814 4491 legatis
834 4428 1004 4478 Godansnses
1016 4429 1133 4480 tumultu
1145 4431 1221 4482 facto
1233 4439 1315 4497 portu

179 4512 315 4562 claudunt.
335 4514 482 4578 Utramque
502 4531 610 4565 carmen
630 4522 718 4564 exstat
737 4516 763 4564 in
784 4531 855 4566 coru.
876 4532 918 4583 pg.
940 4515 1000 4582 165,
1019 4518 1048 4568 in
1065 4534 1117 4573 ou.
1137 4536 1182 4586 pg.
1201 4518 1246 4572 33.
