3016 5310
183 660 254 705 sss.
289 640 504 727 Vivendoque
527 638 607 705 alios
630 639 796 706 meliorem
818 641 929 706 vivere
951 641 1054 706 vitem

287 748 378 814 More
400 747 517 813 docere
540 769 607 832 suo,
631 748 735 833 ruptis
758 769 800 813 ne
821 746 949 833 legibus
972 747 1045 814 illos

287 855 503 920 Transversos
526 854 665 941 populus
688 853 775 918 mala
797 853 876 919 ferri
898 855 933 918 in
956 855 1095 920 crimina
1117 868 1240 940 cernat,

288 963 441 1052 Quosque
463 963 537 1027 viae
559 961 602 1025 ad
626 983 760 1047 superos
783 971 814 1026 et
836 960 963 1026 Divum
985 961 1107 1047 gaudia
1129 963 1216 1028 laeta

287 1070 447 1138 Convenit
469 1089 540 1133 esse
562 1068 673 1152 duces,
695 1069 851 1132 miserum
874 1067 935 1132 sub
957 1077 1081 1133 tartara
1103 1069 1224 1156 vulgus

245 1231 252 1244 .
288 1178 334 1242 Hi
356 1198 468 1242 seeum
490 1196 709 1262 praecepsque
730 1172 862 1239 trahant
884 1173 1103 1260 damnentque
1122 1176 1299 1263 gehennae,

287 1287 509 1368 Aeternasque
533 1281 639 1346 ferant
661 1280 747 1345 laeta
768 1303 827 1367 pro
849 1280 923 1346 luce
945 1280 1105 1347 tenebras.
1347 1267 1350 1277 ¹

375 1390 507 1477 Aspicis
531 1398 566 1452 ut
589 1386 697 1453 media
719 1387 809 1451 vivet
832 1388 1046 1474 reprehensus
1069 1390 1103 1453 in
1128 1389 1209 1456 urbe

287 1497 483 1586 Presbyter?
515 1495 580 1559 Hie
603 1492 676 1558 lites
700 1516 826 1580 semper
849 1504 942 1559 sonat
963 1505 995 1561 et
1018 1495 1090 1561 fora
1112 1498 1213 1562 surda

287 1606 495 1691 Importunas
519 1610 606 1665 emet
628 1622 806 1688 pacemque
829 1601 946 1687 fatigat
969 1602 1117 1689 emicem,

247 1765 253 1777 .
289 1712 463 1778 Sacrarum
485 1710 620 1795 ignarus
643 1730 762 1792 rerum,
784 1716 924 1773 tractare
947 1708 1114 1775 sedidem

287 1818 400 1903 Iurgia
422 1815 546 1900 doetus,
569 1825 639 1880 erat
662 1825 804 1898 quantus
827 1838 892 1879 non
916 1814 1082 1902 Scaevola,
1104 1839 1170 1882 non
1193 1827 1238 1903 tu,

288 1923 407 1989 Inclita
430 1923 484 1987 cui
507 1944 663 2008 magnum
687 1920 851 2008 quondam
874 1921 964 1986 dedit
987 1922 1103 1988 Africa
1125 1946 1243 1990 nomen
1256 1929 1276 1989 ¹.

287 2032 360 2095 Lite
382 2028 470 2093 mela
492 2028 596 2093 socios
620 2051 639 2092 a
662 2029 764 2093 sacris
789 2038 905 2094 evocat
928 2029 1002 2113 aris,

287 2139 525 2222 Contentosque
549 2159 607 2200 suo
630 2157 733 2222 parva
754 2136 958 2221 requiescere
980 2137 1016 2200 in
1038 2137 1118 2202 sede

246 2297 252 2310 .
287 2244 387 2309 Haud
409 2244 487 2308 sinit
509 2242 690 2329 impatiens,
714 2241 843 2307 modica
866 2253 898 2307 et
921 2243 1003 2329 stipe
1025 2244 1137 2310 vivere
1159 2244 1272 2331 laetos,

287 2352 485 2437 Linquentes
508 2349 563 2414 ulii
588 2371 655 2435 sue,
677 2348 725 2413 nil
748 2348 821 2436 plus
845 2372 999 2436 quaerere
1021 2360 1123 2438 parto.

288 2458 365 2522 Alta
387 2457 470 2522 alius
494 2478 607 2542 regum
631 2478 865 2544 procerumque
887 2456 1008 2543 palatie
1028 2457 1142 2524 sollers

287 2565 423 2645 Quaerit
445 2574 476 2629 et
499 2563 653 2649 obsequio
675 2563 756 2649 petit
779 2562 969 2628 ambitiosus
991 2562 1138 2652 honores,

287 2673 338 2756 Et,
361 2694 459 2758 quam
482 2671 556 2755 aris,
580 2669 705 2734 mavult
728 2670 811 2734 eulis
835 2671 957 2735 servire
979 2681 1156 2757 potentum.

182 2802 251 2846 ses.
286 2778 368 2844 Inde
392 2799 502 2842 saeros
524 2799 650 2862 census,
674 2798 801 2841 sacram
824 2799 954 2863 sperare
975 2778 1101 2863 tiaram,

287 2886 368 2950 Inde
390 2884 512 2971 pedum
533 2883 619 2968 licet,
642 2893 674 2948 et
696 2884 809 2969 magni
831 2907 907 2971 pars
930 2907 1001 2950 esse
1023 2896 1165 2951 senatus.

286 2992 424 3076 Laudat,
448 2990 609 3074 adulatur,
632 3013 671 3055 ea
694 2991 819 3054 semine
841 2991 944 3056 credit
967 2990 1118 3056 habendi.

287 3099 376 3179 Quos
399 3098 497 3162 habet
519 3119 652 3161 ararum
675 3119 801 3182 census,
824 3096 943 3162 oblitus
966 3099 1061 3184 egeni

286 3206 452 3292 Pauperis,
474 3206 508 3268 in
532 3226 630 3269 cenes
653 3204 795 3269 absumit
818 3205 929 3269 divitis
953 3204 1063 3286 exlex3

182 3335 251 3380 ero.
286 3313 368 3393 Quis
391 3313 560 3399 inopisque
583 3311 712 3394 famem,
736 3312 809 3396 quis
831 3310 943 3375 debuit
965 3311 1020 3376 ille
1043 3311 1177 3377 domare

287 3420 428 3485 Mendici
451 3418 600 3501 esuriem,
623 3417 839 3505 locupletibus
862 3418 954 3503 orgia
977 3419 1113 3501 quaerit.

287 3528 377 3593 Scire
399 3527 508 3590 Deum
530 3535 561 3590 et
585 3524 717 3611 sophiae
739 3524 851 3588 doctos
874 3534 1013 3589 tractare
1037 3524 1163 3591 labores

286 3631 403 3696 Nullus
427 3654 526 3715 emor,
550 3632 628 3695 satis
650 3630 727 3694 huic
750 3629 876 3717 plebeio
898 3652 1004 3717 pauca
1027 3633 1187 3719 magistro

289 3738 470 3803 Edidieisse
492 3737 581 3801 domi
604 3746 636 3801 et
659 3735 797 3801 ferulam
820 3737 966 3802 timuisse
990 3761 1131 3804 suorum.

227 3868 252 3908 s.
290 3846 443 3930 Euganea
467 3845 596 3929 ignotus
620 3843 724 3907 iaceat
748 3843 823 3908 licet
847 3844 939 3908 exsul
963 3845 997 3908 in
1021 3845 1123 3910 urbe2

288 3953 449 4015 Maximus
472 3952 618 4015 Antenor
642 3972 843 4037 parvumque
866 3951 1012 4016 Bononia
1034 3951 1212 4018 Rhenum³

288 4059 359 4122 Hoc
383 4059 453 4122 sine
477 4058 546 4121 sola
568 4057 668 4141 bibat,
693 4057 874 4121 studiorum
896 4057 1013 4122 nobilis
1037 4056 1145 4144 altrix,

288 4334 297 4364 ¹
315 4334 376 4387 Sex.
397 4333 480 4384 lulius
494 4333 637 4383 Africanus
656 4333 721 4383 iuris
735 4335 832 4399 peritia
845 4334 1008 4400 temporibus
1018 4335 1212 4386 Antoninorum
1223 4338 1317 4387 clarus.

287 4423 297 4451 ²
317 4424 457 4473 Patavium
479 4423 572 4488 tangit.

287 4512 296 4537 ³¹
317 4513 452 4562 l‘luviolus
475 4512 619 4561 Bononiam
639 4513 838 4576 praeterfluens.
