3016 5310
662 452 738 485 Purur
757 448 847 485 ROYZU

215 526 229 532 -.
239 522 575 530 -.-—-—-—-——-—

559 944 594 998 In
616 942 782 999 Parcnnius
801 960 914 1015 pagum
925 945 941 996 ¹.

285 1072 472 1157 Pannonius,
495 1070 588 1137 vobis
612 1070 697 1134 mola
721 1092 803 1156 quus
823 1071 991 1156 imprecor,
1014 1069 1141 1155 bueron,
1165 1071 1234 1135 vati

337 1180 401 1243 Pro
424 1178 562 1264 hospitio
585 1176 787 1240 immundam
811 1199 893 1262 quac
916 1176 1076 1241 tribuistis
1098 1176 1222 1240 huram.

284 1286 358 1351 Non
381 1287 491 1372 ignem
516 1294 572 1348 out
595 1282 730 1364 fenum3
755 1293 830 1346 sunt
853 1282 934 1347 haec
956 1281 1098 1347 hostilio:
1124 1304 1255 1369 semper

336 1391 436 1477 Mille,
460 1390 568 1457 colant
591 1410 674 1476 quae
697 1412 764 1474 vos,
788 1387 901 1454 adfore
923 1411 1043 1476 quaeso
1066 1411 1150 1454 sues.

642 1571 854 1579 -.————

732 1830 763 1897 9.

314 2009 362 2062 Ari
382 2008 524 2062 loannem
543 2006 705 2074 Kostkum,
723 2007 924 2061 castellanum
943 2005 1150 2076 godononsom
1158 2006 1179 2060 ².

283 2135 336 2219 Ni,
359 2134 517 2219 promissa
540 2132 620 2196 mihi
644 2154 755 2219 nuper,
779 2133 925 2196 mittatur
949 2154 1063 2216 avons,

283 2240 421 2304 Deficiet
445 2238 629 2325 quadrupes
652 2262 703 2303 me
728 2238 897 2303 deficiente
922 2260 1085 2303 crumena.

642 2420 854 2427 ——.

726 2668 769 2735 ln.

448 2840 483 2899 In
502 2845 616 2899 condus
635 2858 779 2911 equorum
800 2842 1019 2899 Germanorum
1028 2844 1045 2899 ³.

283 2972 442 3036 Monstrat
465 2991 567 3056 cquns
591 2968 715 3033 caelum
740 2979 837 3053 recto,
861 2969 951 3034 volut
973 2969 1090 3055 indico,
1115 2969 1231 3054 cauda,

336 3078 439 3142 Fidus
462 3077 548 3161 horn,
572 3098 707 3140 aversus
732 3084 854 3162 spectat
879 3087 911 3141 at
934 3076 989 3142 illo
1013 3076 1125 3141 solum.

286 3256 293 3285 ¹
314 3258 391 3307 Corn.
413 3255 465 3308 156
479 3279 503 3298 =
523 3257 580 3305 oss.
601 3255 643 3306 22.
663 3256 812 3312 Parchnnic
831 3257 888 3306 sivo
901 3256 1035 3307 Purkunio
1055 3262 1095 3307 ost
1113 3272 1201 3322 pagus
1221 3257 1319 3322 cpisoo·

176 3364 269 3413 porum
293 3346 548 3407 vladisluvisnsium,
575 3362 646 3396 nunc
671 3345 699 3394 in
724 3345 824 3396 circulo
849 3346 1072 3397 inovrocluvionsi
1098 3346 1174 3396 situs.
1204 3346 1317 3410 Royzius

176 3442 354 3487 commoratus
373 3450 430 3484 esso
450 3434 556 3484 videtur
575 3434 602 3483 in
622 3434 671 3484 hoc
691 3450 759 3499 pugo
773 3441 891 3499 temporo
904 3434 987 3500 ipsius
1001 3435 1143 3500 legationis
1156 3433 1314 3501 godanonsis

176 3540 200 3575 u.
222 3523 291 3575 1568
309 3531 356 3574 sut
370 3522 447 3575 1569.
467 3524 498 3573 In
511 3523 587 3573 libris
600 3522 762 3573 inscribitur:
784 3524 832 3585 „In
845 3525 1005 3574 Purcanism
1019 3525 1143 3589 pagum“.
1164 3522 1217 3574 Sed
1231 3530 1314 3574 toxius

176 3614 253 3664 docet
271 3612 417 3663 Porcanius
436 3627 535 3677 pagum
555 3612 683 3675 uiioyzio
696 3611 782 3662 <lictus
796 3629 862 3662 esso.
883 3615 1006 3662 Ceterum
1026 3612 1120 3663 titulus
1134 3613 1187 3675 hio,
1206 3613 1236 3663 in
1249 3629 1315 3662 osso·

176 3703 246 3752 linco
266 3701 353 3752 alters
372 3716 453 3751 runnu
466 3701 625 3765 adscriptus,
644 3717 697 3750 non
711 3702 745 3750 ub
758 3701 815 3765 ipso
829 3703 928 3765 Royzio
941 3701 1122 3768 praescriptus
1136 3718 1194 3753 osso
1204 3702 1314 3752 videtur.

284 3787 390 3840 'Corn
412 3788 463 3841 158
483 3812 506 3831 =
526 3790 583 3838 Oss.
604 3788 645 3840 25.
678 3790 791 3839 [oannes
810 3790 923 3850 Kostinu
949 3789 1108 3854 quinquevir
1132 3791 1213 3841 robus
1233 3790 1317 3842 Gedu-

175 3880 297 3929 nsnsium
316 3878 517 3942 componendis,
544 3879 595 3927 init
620 3880 783 3929 castellanus
803 3879 963 3944 godausnsis
986 3894 1028 3929 uu.
1050 3877 1230 3932 1556-1574
1248 3881 1318 3943 (Nic-

176 3967 269 4030 aiecii,
295 3968 415 4017 Herbarz
435 3967 474 4015 ed.
494 3967 613 4017 Bobrow.
634 3968 655 4029 1,
674 3966 735 4030 2863
756 3969 787 4031 V,
806 3965 859 4019 294
877 3970 952 4034 squ).
986 3970 1111 4018 Ceterum
1132 3968 1162 4017 in
1188 3971 1317 4019 ossolinuo

177 4057 210 4106 ud
230 4056 337 4105 titulum
355 4055 423 4105 hooc
441 4056 549 4119 insopor
569 4056 661 4106 additu
680 4063 748 4106 sunt:
771 4073 833 4120 „pro
853 4057 977 4107 undecim
994 4056 1069 4122 equis
1082 4057 1172 4107 vorbis
1184 4057 1255 4122 petit
1273 4074 1318 4107 un·

175 4144 287 4204 docim“‚
308 4145 352 4193 sod
372 4145 516 4209 posteriore
535 4160 616 4194 munu
634 4146 730 4195 dolotu.

284 4231 294 4259 ³
313 4236 389 4282 Corn.
412 4231 461 4283 155
477 4256 500 4274 =
517 4234 574 4283 Oss.
595 4233 637 4284 22.
658 4236 755 4284 Confer
774 4234 847 4284 inira
865 4233 991 4285 carminis
1004 4252 1028 4300 q.
1043 4235 1060 4285 i.
1075 4235 1188 4301 Legatio
1200 4252 1225 4285 v.
1236 4235 1271 4286 39
1281 4252 1317 4298 sq.

176 4322 248 4371 Dicit
268 4324 460 4372 Germanorum
480 4320 526 4383 (sc.
546 4323 753 4390 Godunonsium)
773 4340 853 4387 equos
873 4340 931 4375 osso
950 4325 1037 4374 canda
1053 4331 1152 4386 orooro,
1172 4324 1263 4390 capito
1276 4324 1320 4372 do·

175 4410 263 4460 misso.
284 4413 334 4460 Pro
354 4420 499 4472 „urorsus‘
520 4420 688 4475 exspectares
707 4413 795 4477 potius
815 4413 987 4475 ‚‚udversus“.
