3016 5310
677 2100 728 2162 21.

398 2295 1000 2371 BACCHEIDOS

629 2486 721 2541 Liber
741 2487 778 2540 1¹.

235 2660 359 2726 Pocula
383 2661 611 2726 Sauromatum
634 2661 742 2726 dicam
766 2685 951 2748 moremque
973 2663 1107 2728 bibendi

237 2767 417 2851 Servatum,
441 2768 549 2854 gelide
572 2768 667 2832 tellus
691 2792 754 2855 qua
777 2780 869 2854 posta
893 2769 952 2833 sub
978 2792 1040 2834 axe
1063 2782 1119 2835 est.

236 2876 313 2941 Huc
336 2876 422 2953 ades5
446 2900 465 2940 ο
487 2877 623 2959 Lenaee,
647 2887 702 2940 tuo
726 2899 798 2941 mea
821 2878 967 2941 carmina
990 2877 1114 2963 comple

233 2982 376 3048 Numine
400 2995 650 3069 susceptumque
672 2983 784 3047 volens
807 3006 961 3069 percurre
984 2983 1136 3069 laborem,

175 3112 201 3154 a.
233 3090 277 3153 Et
300 3088 435 3176 dignare
459 3100 531 3154 tues
554 3111 682 3154 mecum
707 3101 839 3154 cantare
861 3090 1008 3175 Polonos,

234 3195 358 3261 Pocula
381 3196 561 3282 gaudentes
584 3197 668 3260 inter
691 3219 882 3282 mensasque
905 3197 1026 3282 beatas,

235 3303 375 3367 Laetum
390 3302 556 3366 hominum
574 3325 677 3387 genus
697 3314 728 3367 et
745 3313 801 3366 tua
813 3314 942 3389 gentem
959 3303 1000 3368 ad
1015 3304 1137 3391 gaudia
1149 3316 1269 3369 natum.

163 3448 334 3456 -—-—-..

236 3524 398 3590 ¹Scriptnm
418 3532 457 3574 est
478 3526 527 3576 hoc
547 3542 654 3576 carmen
675 3533 721 3576 unt
746 3527 803 3591 ipse
829 3542 899 3576 anno
926 3525 994 3578 1543
1013 3534 1058 3577 aut
1085 3527 1175 3591 paullo
1201 3534 1268 3591 post,

163 3621 197 3664 te
217 3620 281 3663 ante
301 3629 325 3663 a.
348 3611 424 3667 1545.
450 3632 502 3679 quo
528 3616 645 3673 Elisabe,
675 3617 836 3681 sigismundi
866 3616 980 3681 Augusti
1007 3632 1080 3678 uxor,
1108 3616 1174 3665 obiit
1199 3615 1269 3664 diem

163 3718 280 3768 premam
300 3701 385 3766 (Cous.
407 3719 430 3752 v.
451 3703 485 3754 92
505 3705 581 3767 squ).
614 3705 690 3765 (guod
708 3704 807 3754 tiberi
833 3705 959 3755 carminis
984 3711 1162 3769 nuncupatur,
1191 3712 1271 3768 poeta

163 3807 215 3842 tres
242 3790 300 3840 aius
325 3793 430 3857 generis
462 3793 609 3857 scripturus
636 3794 718 3842 inissa
742 3794 855 3856 ridetur,
875 3810 1038 3858 quamquam
1061 3794 1107 3853 cis,
1132 3808 1201 3857 quae
1225 3808 1270 3842 ex·

163 3887 207 3941 nt,
228 3879 361 3944 perlectis,
381 3882 426 3930 rix
446 3881 523 3945 plura
542 3882 742 3931 desideraveris.
770 3885 930 3932 asservatur
951 3883 1000 3933 hoe
1023 3898 1131 3932 carmen
1156 3883 1185 3931 in
1197 3881 1266 3931 libro

163 3976 203 4020 to.
224 3969 372 4020 cornicensi
399 3988 442 4035 pg.
462 3969 604 4023 398-403
630 3978 655 4021 et
682 3972 709 4020 in
728 3979 805 4020 msto.
828 3988 848 4020 s.
869 3973 932 4021 XVI
952 3972 1076 4022 narnensi
1102 3973 1138 4021 [V
1158 3971 1203 4020 ror.
1224 3987 1266 4036 pg.

163 4057 234 4110 -78
259 4058 449 4122 (bibliothecae
476 4060 616 4109 Michaelis
642 4060 798 4110 sezanieeki
818 4062 924 4111 Narras
949 4063 982 4111 ad
1002 4062 1156 4113 cherintum
1181 4060 1268 4126 sitae).

165 4155 220 4198 tus.
241 4163 312 4197 corn.
336 4149 445 4197 exhibet
465 4152 579 4198 formum
605 4149 831 4212 „ltaechaeidos“;
857 4151 943 4200 deleri
966 4154 1024 4211 „a“‚
1044 4151 1181 4201 derivatur
1200 4148 1271 4198 enim

163 4253 175 4288 c
195 4252 293 4286 nomen
312 4237 346 4285 ab
367 4238 512 4287 adieetivot
535 4236 658 4305 Βακχεῖος.
680 4238 784 4287 Codicis
804 4255 878 4288 narr.
899 4239 1091 4305 apographum,
1111 4254 1127 4288 a
1146 4240 1195 4288 los.
1217 4238 1270 4286 Ko-

163 4324 282 4374 rniowslri
303 4327 455 4375 confectum
475 4334 501 4376 et
521 4327 669 4376 liberaliter
688 4343 842 4376 eoncessum
862 4328 889 4376 in
907 4344 982 4377 usam
996 4344 1083 4377 meum
1097 4326 1205 4378 contuli.
1227 4325 1269 4374 ibi

163 4413 237 4462 rmini
256 4412 412 4464 inscribitur
434 4415 624 4473 „ltaeheides“,
644 4431 803 4480 carmenque
817 4417 885 4465 falso
900 4417 1026 4467 tribuitur
1036 4418 1157 4466 Andreae
1168 4414 1263 4466 Crieio.

163 4509 221 4552 xtns
231 4502 302 4552 mati.
314 4518 388 4552 narr.
401 4512 440 4553 cst
452 4505 602 4554 mendosier
613 4505 770 4567 cerniacum,
791 4506 921 4570 quaedam
938 4513 1027 4556 tamen
1044 4507 1125 4556 habet
1139 4507 1272 4571 genuina·
