2948 5302
246 454 283 489 an
301 453 451 500 sinuarat,
471 453 582 489 rvrscor.
602 453 712 488 casoov.
732 453 967 490 unsrunirosruu.
1108 439 1174 504 229

35 525 173 533 --β
434 525 438 529 .
448 524 492 529 —-
503 524 524 530 -.
536 524 624 530 ..—.
635 524 658 530 .-.
666 524 1173 533 ——...——-.—---.-.—-

415 535 656 542 ———..-.—..
868 537 1070 544 ——-....-.——.
1079 538 1172 545 -—.-

140 648 246 714 Saeva
269 647 351 711 nihil
374 646 538 733 quondam
561 656 738 712 monstrata
761 648 795 711 in
819 647 936 733 pollice
958 649 1051 734 tigris
1064 654 1083 712 ¹.

57 775 106 821 ss.
137 754 284 840 Quisque
307 776 402 818 suum
426 754 507 819 feret
530 763 562 818 et
585 752 718 840 paribus
741 752 802 818 sub
826 752 953 840 legibus
977 778 1087 821 omnes

140 861 216 927 Otia
239 882 372 926 securae
395 870 549 947 peragent
572 859 791 946 pulcherrima
813 861 900 926 vitae
910 861 931 924 ².

232 967 306 1031 Hac
328 967 445 1053 ignara
467 978 562 1032 tenus
586 966 768 1031 studiorum
791 967 888 1032 turba
911 989 1086 1053 sacrorum,

141 1073 266 1160 Volgus
289 1074 386 1152 iners,
410 1073 532 1138 frustra
554 1096 619 1138 non
642 1074 843 1138 affectaverit
867 1096 940 1138 aras

141 1181 183 1244 Et
206 1179 327 1244 multus
351 1179 471 1246 Christi
495 1179 605 1244 caulas
630 1179 798 1266 complosit
820 1181 983 1269 Amyntas
994 1185 1015 1265 ⁸,

58 1307 107 1351 so.
139 1286 295 1351 indoctus
318 1297 465 1373 torquere
488 1286 616 1373 pedum,
639 1287 695 1372 qui
718 1286 809 1351 Pana
832 1309 893 1352 nec
914 1288 1023 1374 ipsum

140 1392 276 1458 Noverit
299 1403 355 1457 aut
379 1393 494 1459 salices
516 1394 601 1459 inter
623 1393 794 1479 dignoscat
816 1392 987 1478 hibiscum,

138 1501 278 1565 Pascere
301 1522 379 1565 oves
401 1500 502 1585 rudis,
526 1511 558 1564 at
582 1523 646 1564 non
669 1499 803 1566 tondere
825 1499 985 1565 medullas

141 1607 183 1672 Et
207 1607 335 1672 suxisse
357 1608 466 1692 gregis
490 1629 564 1672 oum
588 1607 672 1672 laete
695 1629 735 1673 ac
758 1609 887 1672 viscera
909 1608 1000 1674 viva:

140 1714 291 1778 Invisum
314 1713 403 1779 caelo
427 1736 539 1800 genus.
570 1715 659 1779 Hinc
682 1737 747 1779 non
771 1737 884 1779 scurra
907 1736 968 1779 nec
991 1715 1076 1780 imae

60 1840 107 1884 cs.
139 1820 239 1885 Venit
262 1819 302 1885 ab
326 1821 443 1885 infami
467 1844 570 1908 nuper
591 1822 647 1908 qui
671 1821 795 1886 fornice
818 1820 926 1905 cellae,

141 1928 209 1991 Aut
231 1949 327 2014 quem
351 1928 554 1993 commendet
577 1928 729 1993 moechae
752 1929 863 1993 vesica
885 1927 998 1993 beatae
1009 1933 1031 2012 ⁴,
1088 1949 1114 1987 ῑ.

140 2034 207 2101 Seu
230 2033 314 2099 male
338 2045 435 2119 easta,
459 2035 516 2099 diu
541 2034 677 2100 viduum
702 2059 766 2099 non
789 2058 886 2122 passa
909 2035 1028 2101 cubile:

141 2141 216 2204 Non
237 2139 314 2206 hinc
338 2152 432 2228 turpe
455 2164 558 2228 genus
582 2154 711 2206 sanetas
734 2144 912 2228 speraverit
936 2164 1017 2207 aras.

230 2247 304 2313 Non
327 2248 391 2312 illis
415 2248 531 2313 studiis
555 2248 694 2334 samuel,
717 2272 782 2313 non
804 2248 925 2314 talibus
947 2249 1024 2314 ullis

60 2374 107 2419 co.
138 2353 216 2419 Alta
239 2364 351 2442 petens
374 2394 417 2402 —
441 2355 513 2419 aliis
537 2356 658 2420 fuerint
680 2378 719 2420 ea
742 2357 848 2444 prima
871 2396 914 2404 —
937 2366 1073 2421 tenetur.

141 2462 243 2548 Digni
267 2463 369 2528 Οείο5
391 2485 496 2527 mores
519 2472 550 2527 et
573 2462 686 2527 fallere
709 2464 819 2528 nescia
841 2464 955 2550 virtus,

140 2569 252 2655 Digna
274 2568 352 2635 Osio
374 2570 486 2655 pietas,
509 2608 553 2616 —
576 2569 663 2654 Osio‚
686 2592 782 2656 quem
806 2570 913 2636 sidera
935 2580 1072 2657 poscunt

141 2675 212 2739 Iam
235 2674 360 2739 dudum
383 2677 553 2762 civemque
577 2699 672 2740 suum
695 2678 775 2763 petit
798 2677 920 2740 arduus
943 2676 1065 2742 aether:

142 2781 320 2867 Egregium
344 2769 535 2868 Samuelem,
558 2783 647 2868 haee,
671 2806 736 2847 non
759 2783 898 2867 diversa,
922 2784 1108 2868 movebunt,

60 2909 108 2953 os.
138 2888 382 2976 Procedentque
405 2890 477 2975 alio,
500 2913 597 2976 quam
621 2890 793 2976 quondam,
817 2900 936 2954 cuncta
959 2901 1079 2955 tenore.

140 2995 290 3060 Praemia
314 2997 443 3061 virtutis
467 2997 584 3061 referet
607 2997 711 3062 bonus
735 3007 766 3061 et
790 3018 849 3059 sua
873 3006 979 3060 sontes

141 3102 261 3167 Tristia
285 3102 453 3190 supplicia,
477 3114 509 3168 et
532 3104 720 3168 meritorum
743 3125 847 3189 poena
870 3111 1029 3187 sequetur.

141 3207 216 3273 Non
239 3209 326 3273 mala
348 3211 499 3295 coniugio
523 3211 639 3275 mulier
663 3211 732 3274 sine
754 3208 826 3295 lege
850 3208 953 3273 soluto

141 3315 181 3380 In
206 3317 323 3381 vetitos
347 3329 453 3382 curret
476 3316 634 3381 thalamos
657 3327 689 3381 et
712 3317 849 3380 crimina
871 3327 956 3379 nota.

62 3442 109 3487 ro.
140 3421 290 3488 Servabit
313 3435 438 3488 castum
462 3424 591 3488 Tithoni
616 3426 744 3487 Aurora
769 3423 875 3487 cubile
886 3428 907 3506 ⁴³,

142 3528 184 3592 Et
208 3529 325 3594 viduos
349 3530 476 3594 caelebs
501 3530 659 3594 custodiet
683 3530 760 3594 ordo
784 3551 938 3612 recessus,

141 3636 211 3700 Nee
233 3635 421 3700 malesuada
445 3659 548 3700 venus
572 3647 715 3701 sacratas
739 3635 858 3722 polluet
883 3657 966 3699 aras.

144 3885 152 3912 ¹
172 3885 216 3936 Sic
235 3885 262 3934 in
282 3886 405 3949 editione
426 3887 535 3935 anulunr
549 3887 663 3950 pretioso
675 3888 761 3951 lapide
773 3894 896 3936 ornatum
906 3885 1047 3950 designare
1062 3884 1175 3932 videtur.

143 3972 154 4001 ²
173 3976 247 4024 Corui.
268 3976 344 4024 (lvid.
365 3978 471 4024 Metam.
494 3978 513 4028 l.
535 3974 593 4025 100.

143 4060 153 4090 ³
172 4065 267 4112 Pastor
285 4064 330 4112 ille
344 4065 522 4128 Vergiliarum,
542 4080 619 4126 «luent
640 4073 716 4126 poeta
737 4065 850 4112 currendi
872 4064 978 4128 quidem
998 4063 1111 4127 peritum
1126 4062 1176 4110 Pa·

39 4153 129 4220 nisquc
155 4154 197 4202 dci
216 4154 376 4218 discipulum
397 4154 481 4216 lingit,
501 4155 546 4201 scd
566 4162 655 4201 cetera
674 4153 784 4200 stultum
806 4154 932 4216 appellat.
954 4153 1009 4202 Ecl.
1024 4154 1058 4212 ΙΙ,
1072 4149 1106 4202 28
1120 4166 1176 4214 sqq.

143 4243 154 4271 ⁴
175 4244 308 4293 luvenalis
328 4252 377 4292 sat.
402 4243 422 4305 l,
442 4243 476 4293 39
496 4252 522 4293 et
541 4243 566 4299 6,
586 4241 620 4293 (ii
639 4243 666 4291 in
686 4243 840 4291 memoriam
860 4252 975 4291 revocat.

143 4330 153 4358 ‘³
172 4332 322 4382 Stanislaus
342 4332 440 4380 llosius
460 4332 515 4379 sive
536 4332 623 4389 (laius,
643 4339 698 4379 turn
718 4331 862 4380 canonieus
876 4330 1055 4380 cracoviensis
1070 4344 1101 4379 ac
1115 4343 1177 4377 san·

38 4420 210 4483 (laminensis,
230 4428 288 4470 erat
308 4422 377 4470 inter
397 4421 548 4470 llacieiovii
569 4421 677 4470 aruicos.

143 4507 154 4537 ⁶
173 4513 271 4561 Senum
291 4528 384 4560 uxores
405 4511 539 4559 :ululteras
560 4510 654 4575 tangit.
