3016 5310
554 455 664 490 OXTlFllX
683 458 815 491 sannaus.

210 650 414 736 Intrepidum
436 661 577 714 mentem
600 650 805 737 grandesque
829 651 985 714 imitarier
1008 673 1107 714 ausus
1120 655 1139 715 ¹.

163 784 178 822 ι.
302 759 390 822 Viva
412 758 477 822 Dei
501 757 630 822 mallem
654 757 810 841 aedificet,
835 780 932 843 quam
957 781 1056 822 saxea
1077 758 1200 844 templa

210 863 422 950 Eduetasque
445 863 557 927 domos
581 865 677 928 astris
700 875 732 929 et
754 874 840 928 teeta
865 864 1005 950 superba-

213 971 353 1035 Etrusea
377 970 537 1036 fabricata
561 994 672 1034 manu:
697 980 772 1034 sunt
796 970 927 1057 regibus
951 971 1008 1035 illa

212 1078 300 1163 Apta
322 1078 441 1163 magis3
464 1077 546 1142 bene
570 1078 713 1164 pontifiei
739 1077 798 1142 sub
822 1101 963 1164 paupere
985 1087 1070 1142 tecto
1094 1087 1151 1161 est,

213 1183 321 1248 Nullis
343 1184 465 1268 insigni
490 1185 605 1248 statuis
628 1194 658 1249 et
683 1185 824 1270 imagine
848 1184 946 1248 nulla.

163 1311 179 1353 t.
213 1289 303 1370 Quid
328 1291 524 1355 famulorum
548 1314 673 1377 agmen,
697 1293 852 1355 comitum
875 1291 952 1377 quid
977 1291 1101 1355 inutilis
1125 1314 1205 1355 usus

212 1397 552 1483 Quadringentorum?
576 1409 607 1463 et
630 1401 755 1463 circum
777 1408 926 1484 torquata
950 1399 1123 1463 iuventus?

213 1505 346 1568 Lascivi
369 1505 461 1569 lusus
483 1528 657 1592 puerorum
680 1515 711 1570 et-
734 1506 844 1569 mollia
867 1504 976 1590 verba,

213 1610 473 1699 Seurrarumque
497 1613 579 1677 sales
602 1624 634 1677 et
658 1614 796 1677 amantis
820 1611 957 1699 prandia
981 1611 1120 1676 turbae?

213 1717 389 1805 Suspectus
412 1719 530 1784 habeat
554 1719 699 1804 blandos,
722 1731 754 1783 et
778 1720 873 1784 dulee
897 1720 1064 1805 loquentes

163 1844 180 1887 t.
213 1824 371 1910 Praesuli,
395 1837 479 1891 amet
502 1849 616 1891 verum
640 1827 728 1891 dieat
752 1826 803 1891 vel
827 1849 940 1890 scurra
963 1826 1013 1890 vel
1039 1825 1149 1889 audax

214 1930 384 2011 Servulus3
409 1934 534 1998 intersit
556 1934 647 2017 nihil,
671 1935 731 1998 iste
755 1936 796 1998 sit
819 1944 932 1999 auctor
955 1956 995 1996 au
1021 1933 1075 1997 ille

210 2037 356 2122 Consilii,
380 2040 465 2127 quod
489 2063 545 2105 seu
570 2042 673 2127 pietas
696 2063 753 2105 seu
777 2062 855 2104 vera
878 2051 1025 2126 reposeat

213 2144 341 2230 Religio
364 2147 441 2211 iusti
465 2159 520 2211 aut
545 2159 653 2212 eustos
676 2147 814 2212 eeclesia
839 2148 945 2230 moris,

213 2251 300 2315 Nam
323 2252 351 2316 si
375 2276 453 2317 vera
475 2255 566 2335 ferat,
590 2255 618 2318 si
642 2255 869 2319 convenientia
888 2263 982 2337 retro,

163 2379 182 2420 5.
217 2356 252 2423 Si
276 2381 341 2444 qua
363 2359 415 2424 vel
435 2362 518 2425 ratio
542 2361 593 2426 vel
616 2361 670 2425 lex
693 2362 745 2425 vel
770 2361 913 2425 maxima
935 2360 1045 2445 legum

215 2465 423 2532 Consuetudo
447 2478 564 2554 monet,
587 2480 694 2534 castos
718 2479 845 2533 servata
868 2490 926 2554 per
948 2491 1049 2531 annos
1062 2473 1082 2530 ².

305 2573 482 2640 Illeeebrae
507 2598 547 2640 ne
570 2585 601 2640 te
624 2577 760 2662 rapiant,
785 2597 845 2640 nee
869 2576 965 2638 inane
990 2574 1108 2638 raduei

217 2680 350 2767 Imperii
374 2704 500 2767 nomeu,
524 2705 584 2747 nee
607 2706 711 2748 vanae
734 2683 838 2768 gloria
861 2683 980 2746 famae:

216 2786 335 2851 Fastus
358 2811 558 2876 pompasque
581 2812 620 2854 ae
643 2790 758 2854 luxum
781 2790 885 2853 bonus
910 2788 1015 2853 oderis
1040 2811 1179 2871 onmem,

163 2913 184 2955 o.
218 2893 474 2982 Pauperiemque
498 2897 594 2981 eolas,
618 2920 716 2983 quam
740 2896 888 2963 Christus
912 2896 1033 2959 amavit
1056 2896 1157 2959 Iesus.

221 3001 320 3067 Hune
342 3003 468 3068 imitare
491 3004 617 3086 volens3
642 3027 716 3068 nam
742 3025 825 3090 quae
848 3003 1009 3068 dementia
1033 3012 1157 3065 nostros

219 3107 314 3195 Capit
336 3111 526 3196 pontifices?
550 3111 635 3175 mala
659 3134 742 3197 quae
765 3112 898 3175 furiavit
923 3111 1044 3198 Erinys

218 3216 260 3279 Et
283 3226 367 3280 totas
389 3218 516 3282 miseris
539 3219 661 3282 amovit
685 3219 818 3283 cardine
841 3218 988 3282 mentes?

218 3322 325 3401 Quem
348 3324 419 3389 vult
441 3326 637 3411 pontificem,
661 3336 727 3389 toto
752 3326 808 3388 vix
833 3324 936 3390 edidit
959 3347 1014 3388 ore

165 3448 186 3491 5.
219 3429 286 3495 Rex
310 3431 394 3517 pius,
417 3432 480 3516 ille,
504 3455 580 3496 suas
603 3434 709 3519 prima
732 3443 768 3496 ut
792 3455 856 3495 vox
880 3433 987 3517 attigit
1010 3452 1114 3513 aures,

219 3536 296 3601 Mox
320 3539 438 3603 animis
461 3541 573 3625 pietos,
597 3550 712 3603 ornent
735 3562 817 3625 quae
840 3549 934 3623 tecta,
957 3547 1083 3624 tapetas

218 3643 369 3731 Coneipit
392 3656 423 3709 et
447 3647 547 3710 variis
571 3646 725 3710 distincta
749 3646 863 3710 aulaea
886 3647 1000 3731 figuris

219 3751 427 3839 Argentoque
449 3775 567 3836 graves
591 3753 710 3817 abacos
734 3763 830 3838 atque
854 3775 967 3837 aspera
992 3752 1095 3836 signis

219 3857 342 3922 Poeula
364 3859 531 3924 Phidiaeis
556 3859 812 3947 fundentemque
835 3882 889 3922 ore
912 3859 1087 3922 draconem

163 3986 186 4026 o.
219 3965 375 4030 Convivis
399 3965 550 4054 lymphas
575 3979 605 4031 et
629 3967 727 4031 odoro
751 3989 823 4030 rore
848 3966 988 4052 liquores

221 4160 228 4188 ¹
248 4163 302 4210 VV.
319 4159 467 4225 lto-127,
481 4163 525 4228 qui
539 4163 565 4211 ia
580 4161 717 4212 Ossolineo
738 4162 764 4210 ln
779 4169 870 4211 assuto
885 4160 975 4210 loliolo
989 4159 1128 4224 adscripta
1141 4165 1260 4223 exstant,

163 4251 319 4315 spertinere
338 4251 417 4301 docet
435 4252 613 4302 Cornicensis.

220 4338 357 4405 ²a1iquid
376 4339 450 4391 deest
469 4341 531 4390 huic
550 4341 708 4404 sententiam
734 4350 872 4405 potueram
897 4339 1014 4390 seribere
1040 4354 1071 4388 ex
1091 4336 1254 4387 coniectura:

164 4426 222 4481 124:
241 4429 329 4494 ,‚Sed“
349 4429 390 4480 val
412 4430 500 4494 ,lam“
521 4446 568 4496 pro
582 4430 693 4492 .‚Nam‘².
720 4434 774 4479 Aut
788 4432 901 4480 sortasse
916 4429 1050 4492 Royzlano
1063 4441 1136 4477 more
1148 4419 1261 4476 inverso

165 4518 205 4570 ine
223 4522 322 4583 ‚,nam“
342 4518 376 4569 ud
396 4520 521 4584 „intersit
540 4521 626 4570 nihil‘
648 4520 806 4571 trahendum
826 4528 874 4570 est.
