3016 5310
189 435 255 500 230
664 449 741 483 rrum
762 448 851 483 noran

190 520 362 529 —--·--—
366 520 492 527 --—---
496 520 514 526 -
519 518 735 526 *—

190 535 279 542 ——-
284 533 559 541 .-—-—--—-—-

296 643 494 709 Audandum
517 642 620 708 discet
644 642 707 708 sibi
730 641 776 706 nil
801 641 944 707 Iudaeus
966 640 1084 728 Apella
1097 647 1116 727 ¹,

298 751 373 816 Non
396 750 500 815 ullum
522 759 647 815 tentare
670 749 771 833 nefas,
795 770 860 813 non
883 747 1030 834 linquere
1052 748 1229 835 Christum,

214 880 262 923 us.
293 897 337 906 -—
361 857 446 922 Proh
470 855 573 921 dolor!
598 896 641 904 -
664 867 695 921 et
719 856 821 921 saeris
845 878 915 920 sese
937 856 1099 921 ineestare
1121 855 1281 942 nefandis,

298 963 479 1032 Sollicitare
502 963 573 1029 Deo
597 985 726 1028 sacrum
750 983 862 1048 genus.
893 962 1031 1049 Ignibus
1055 985 1157 1027 unum

298 1070 459 1138 Omnibus
480 1082 511 1135 et
534 1069 638 1135 sicula
662 1069 797 1154 dignum
821 1068 899 1133 olim
924 1068 1076 1134 auferre²
1099 1069 1224 1155 favilla,

298 1176 477 1242 Infandum
501 1175 607 1242 seelns
629 1188 661 1242 et
684 1175 783 1241 nullis
806 1175 943 1241 delebile
967 1175 1095 1241 saeclis!

297 1283 410 1368 Stulte,
434 1283 585 1348 alienon
608 1282 682 1367 hue,
706 1284 801 1367 Saxo,
825 1293 882 1347 tua
904 1282 1002 1348 belua
1024 1283 1151 1348 Lernae

214 1413 262 1456 eo.
294 1390 454 1456 Mitteuda
476 1401 537 1472 est3
560 1390 677 1455 colitur
700 1390 794 1453 iustis
817 1389 871 1454 hie
894 1389 1021 1475 legibus
1045 1389 1164 1474 aether,

296 1498 372 1562 Una
395 1497 484 1581 fides,
508 1497 600 1562 Deus
623 1519 707 1561 unus
730 1506 763 1561 et
787 1519 887 1560 unum
911 1507 1017 1561 cetera
1039 1519 1175 1561 numen:

298 1603 371 1668 Hoe
394 1625 461 1689 rex,
492 1603 554 1669 hoe
577 1604 716 1690 populus
740 1604 885 1689 sequitur
907 1625 1110 1690 magnusque
1138 1615 1271 1668 senat-us
1284 1607 1318 1667 ³..

297 2059 307 2088 ¹
328 2055 386 2109 Neu
405 2059 476 2124 ipsos
496 2059 608 2110 ludaeos
634 2059 680 2109 sad
699 2075 789 2109 eorum
817 2059 918 2109 similes
945 2058 1064 2108 homines
1090 2059 1288 2124 superstitiosos
1306 2066 1330 2108 et

191 2148 265 2198 leves
285 2149 416 2215 designat.
437 2148 477 2199 ct.
498 2150 592 2199 Horat.
613 2149 667 2198 Sat.
688 2151 709 2210 Ι,
728 2148 753 2209 ὁ,
774 2147 833 2199 100.

299 2234 366 2288 ’Ut
391 2237 469 2287 metri
495 2237 600 2303 legibus
627 2237 805 2300 satisfaceret,
831 2237 994 2287 infinitivum
1020 2235 1139 2286 activum
1166 2253 1214 2301 pro
1231 2235 1331 2301 passive

193 2341 333 2390 perperam
353 2327 467 2376 admisit.
488 2326 611 2376 Ceterum
631 2326 837 2391 interpungendi
859 2325 936 2376 huius
955 2325 1007 2376 loci
1026 2324 1096 2375 ratio
1114 2340 1177 2375 mea
1195 2332 1244 2388 eet,
1266 2338 1329 2389 quae

192 2414 310 2464 enimin
330 2415 445 2464 editione
465 2421 561 2475 exstat,
581 2414 688 2463 tolerari
709 2431 761 2464 non
781 2414 875 2479 potnit..

271 2507 273 2511 ’
299 2501 388 2554 ”Hoc
407 2518 485 2553 versu
504 2502 603 2552 desinit
622 2503 703 2552 tertia
722 2503 846 2552 editionis
866 2502 982 2567 pagella,
1009 2517 1063 2567 qna
1087 2507 1196 2551 notatur
1223 2499 1328 2566 proximi

192 2607 285 2642 versus
305 2608 355 2641 vox
375 2592 468 2656 prima:
490 2599 607 2644 senatur.
633 2594 703 2654 Quot
723 2591 789 2640 lolia
807 2590 977 2656 deperierint,
997 2590 1129 2641 incertum
1148 2597 1198 2640 est.
1219 2592 1329 2655 Sequens

191 2681 292 2747 pagina
311 2682 417 2731 ultimos
437 2681 491 2730 iam
510 2682 603 2730 versus
621 2680 822 2745 epigrammatis
842 2680 940 2730 annexi
959 2680 1075 2729 exhibet.
