3016 5310
1161 522 1308 528 ————
1371 523 1466 530 --η

327 659 359 714 et
383 659 517 734 uterque
541 647 642 712 fuisse
661 657 693 711 et
708 647 851 735 Royaius
868 644 994 710 scholas
1009 645 1162 710 habuisse
1177 645 1327 731 traditur,
1351 669 1467 734 easque

326 778 391 820 non
415 753 519 818 solum
542 754 623 817 iuris
646 753 846 840 prudentiae,
869 775 984 817 verum
1007 754 1106 817 etiam
1129 754 1235 817 omnis
1254 752 1467 819 humanitatis

326 872 422 948 atque
445 861 647 948 eloquentiae
671 861 780 946 reique
803 862 957 947 poeticae.

434 969 524 1033 Inter
545 967 626 1033 haec
650 967 758 1032 studia
782 967 983 1054 docendique
1004 989 1139 1031 munera
1154 967 1362 1032 adolescebat
1378 969 1467 1054 inge-

325 1077 415 1139 nium
441 1076 504 1139 viri
532 1074 777 1160 augebaturque
808 1075 841 1137 in
873 1073 943 1137 dies
973 1096 1082 1137 rernm
1113 1072 1242 1137 utilium
1274 1075 1464 1158 cognitione

325 1184 397 1248 Iam
420 1182 585 1247 decembri
608 1204 636 1245 a.
662 1182 745 1247 1537
771 1180 995 1245 admirabatur
1011 1182 1173 1245 Antonius
1190 1183 1396 1268 Augustinus
1419 1182 1465 1245 in·

325 1289 453 1354 solitam
477 1289 592 1377 Royzii
616 1290 649 1352 in
674 1288 791 1352 litteris
814 1289 942 1374 graecis
965 1289 1124 1374 peritiam,
1148 1287 1235 1353 idem
1258 1289 1359 1353 refert
1383 1290 1464 1353 maio

325 1419 353 1460 a.
379 1397 464 1461 1538
488 1397 630 1461 tenuisse
654 1418 728 1460 eum
753 1417 885 1459 eausam
905 1396 938 1458 in
954 1394 1087 1481 publica
1104 1395 1322 1482 disputatione
1339 1397 1464 1461 Patavii

324 1506 472 1569 instituta
496 1502 656 1589 aliamque
679 1504 749 1566 eius
773 1502 1024 1588 disputationem
1040 1503 1205 1566 Bononiae
1221 1505 1414 1588 exspectari,
1436 1514 1470 1567 et.

324 1635 366 1678 ex
390 1612 454 1675 alia
477 1610 622 1674 eiusdem
646 1611 710 1674 viri
733 1610 872 1696 epistula
895 1610 1008 1674 eodem
1031 1632 1143 1674 mense
1173 1632 1201 1674 a.
1226 1612 1310 1675 1541
1345 1612 1464 1698 scripta

324 1718 430 1784 elucet
452 1718 612 1806 Royzium
635 1718 700 1781 iam
723 1729 792 1781 tum
817 1716 918 1780 fuisse
941 1717 1022 1780 iuris
1045 1717 1219 1781 doctorem.
1242 1718 1350 1796 Quem
1366 1717 1464 1783 hono-

324 1847 393 1890 rem
417 1826 450 1888 in
475 1835 611 1911 utroque
634 1826 704 1889 iure
728 1835 760 1889 et
783 1824 876 1888 civili
907 1834 938 1888 et
970 1826 1127 1889 canonico
1157 1825 1222 1887 iam
1247 1823 1375 1889 duobus
1400 1825 1468 1889 fere·

324 1933 419 1996 annis
442 1944 517 1998 ante
541 1931 677 2018 adeptus
700 1954 771 1995 esse
794 1931 934 2007 videtur,
959 1931 1118 2017 siqnidem
1138 1942 1226 1996 recte
1241 1932 1306 1995 iam
1324 1932 1463 1996 calendis

324 2040 449 2103 martiis
472 2062 500 2102 a.
527 2039 611 2102 1539
632 2048 741 2123 togam
765 2039 798 2101 in
824 2061 949 2101 summo
972 2037 1129 2102 tribunali
1153 2037 1388 2103 mediolanensi
1411 2061 1464 2126 pe-

323 2147 414 2210 tiisse
436 2157 642 2210 memoratur.
682 2144 764 2209 Utut
786 2156 871 2227 erat,
905 2157 1039 2209 conatus
1064 2146 1133 2209 eius
1156 2146 1302 2210 muneris
1326 2145 1463 2211 alicuius

323 2250 446 2340 publici
471 2253 539 2315 sive
562 2250 748 2335 Mediolani,
772 2252 841 2315 sive
865 2254 898 2314 in
922 2251 994 2315 aliis
1018 2251 1125 2318 Caroli
1143 2253 1174 2315 V
1197 2251 1316 2317 italicis
1339 2275 1463 2340 posses-

324 2358 469 2423 sionibus
493 2358 660 2423 obtincndi
686 2382 786 2445 usquc
816 2358 858 2422 ad
887 2382 914 2421 a.
940 2360 1023 2423 1541
1050 2359 1173 2423 frustra
1196 2370 1304 2443 erant,
1336 2361 1468 2446 iamque<

322 2467 357 2529 in
380 2467 519 2553 patrium
543 2465 650 2530 redire
673 2466 818 2529 animum
842 2465 1027 2548 inducebat,
1051 2488 1127 2531 cum
1151 2468 1282 2531 aPetro
1297 2466 1463 2552 Gamrato,

321 2572 564 2660 archiepiscopo
595 2574 769 2657 gnesnensi
799 2574 1013 2659 episcopoque
1041 2575 1256 2658 cracoviensi,
1288 2573 1463 2663 eodemque

323 2680 546 2744 universitatis
570 2680 787 2744 cracoviensis
810 2679 1019 2763 cancellarie,
1044 2680 1277 2765 intercedente,
1301 2683 1336 2745 ni
1360 2681 1462 2766 fallor,

323 2785 473 2853 Samuele
496 2787 677 2871 Maceovio,
708 2788 858 2873 episcopo
881 2796 951 2850 tum
975 2787 1136 2873 plocensi,
1167 2787 1208 2851 ad
1232 2789 1284 2851 ius
1308 2789 1408 2855 civile
1430 2791 1462 2853 in

321 2893 434 2958 eadem
459 2894 669 2958 universitate
692 2893 887 2958 tradendum
919 2907 967 2959 est
991 2897 1174 2960 arcessitus.
1212 2895 1320 2975 Quam
1352 2897 1462 2962 condi-

321 3001 446 3065 cionem
479 3023 516 3065 eo
547 3000 677 3065 facilius
708 3002 846 3087 recepit,
877 3001 962 3087 quod
994 3000 1115 3066 bellum
1146 3003 1231 3067 inter
1255 3002 1461 3068 CarolumV

321 3105 497 3193 Gallosque
521 3108 626 3172 denno
650 3117 720 3171 tum
743 3107 960 3172 exardescens
984 3111 1230 3192 (1542-1544)
1261 3109 1402 3174 reditum
1429 3112 1460 3174 in

320 3216 458 3299 patriam
482 3214 685 3300 impediebat,
709 3216 833 3302 iterque
857 3215 941 3279 inter
957 3216 1136 3280 amicorum
1154 3240 1343 3302 maerorem,
1366 3241 1461 3305 quem

321 3321 482 3385 Antonius
507 3322 711 3405 Augustinus
743 3321 902 3406 singulari
933 3324 1093 3409 expressit
1116 3325 1272 3407 carmine,
1303 3327 1337 3389 in
1370 3326 1464 3391 Polo-

320 3427 409 3491 niam
433 3428 599 3513 ingressus
623 3429 814 3494 Oracoviam
839 3430 980 3513 ineunte,
1004 3431 1126 3516 opinor,
1150 3454 1178 3495 a.
1204 3433 1290 3496 1542
1313 3435 1413 3498 venit.

599 3801 632 3859 ΙΙ.
658 3801 702 3859 De
723 3802 841 3872 Royzio
862 3801 1042 3861 cracoviae
1062 3807 1190 3875 agente.

426 3962 605 4027 Oracoviae
629 3986 666 4028 co
690 3975 833 4050 tempore
856 3965 1014 4051 quidquid
1046 3968 1361 4052 praestantissimum
1392 3977 1461 4035 erat

319 4070 404 4134 inter
427 4069 564 4134 Polonos
588 4071 856 4156 congregabatur.
880 4072 963 4136 Nam
988 4085 1019 4137 et
1044 4075 1177 4138 unicum
1193 4075 1227 4138 in
1244 4075 1378 4141 Polonia
1395 4088 1460 4143 stu-

319 4175 407 4239 dium
433 4174 597 4262 generale,
621 4177 748 4242 duobus
772 4179 841 4244 fere
864 4190 938 4244 ante
962 4180 1101 4246 saeculis
1125 4192 1284 4266 erectum,
1312 4182 1359 4247 ibi
1383 4194 1464 4269 erat,

318 4295 350 4347 et
374 4305 466 4368 reges
489 4281 575 4348 hanc
598 4284 708 4349 sedem
732 4287 910 4371 antiquitus
941 4287 1095 4352 tenebant
1125 4298 1156 4352 et
1188 4312 1335 4354 summus
1366 4292 1460 4378 regni

317 4387 471 4453 Poloniae
490 4389 646 4476 pontifex,
672 4393 723 4456 cui
740 4393 875 4459 Gnesna
891 4405 985 4457 vetus
1002 4406 1217 4482 constansque
1233 4396 1334 4479 sedes,
1358 4397 1467 4463 Gamo

316 4504 394 4579 rato,
418 4495 567 4582 episcopo
591 4500 803 4584 cracoviensi,
827 4511 896 4564 tum
922 4510 1049 4585 praeter
1071 4501 1217 4566 ordinem
1235 4502 1468 4591 archipraesu0
