3016 5310
177 405 242 468 266
644 418 722 453 rnrnr
741 418 828 452 noran

353 489 481 495 ...-.--.--
500 488 728 507 -.ἰῇ-..-
748 489 752 494 ..
791 487 1172 495 -—·———..—.—-·-——

326 500 537 508 -.—-.--—-
776 499 1190 508 ————-——
1204 502 1230 507 —

283 614 425 678 Lumina
448 612 631 700 siquando
654 635 767 678 somno
789 611 1006 697 inclinaverit,
1029 609 1122 675 illum

337 721 516 786 Excutiant
540 719 646 787 furiae
668 731 814 806 tetraque
830 720 903 785 visa
921 730 1000 784 toro,

284 828 386 915 Saepe
408 838 496 916 optet
520 828 607 894 ferro
630 827 820 895 sceleratam
843 825 1057 914 abrumpere¹
1082 825 1193 891 vitam.

336 937 444 1021 Atque
467 935 562 1000 malis
584 937 683 1001 finem
707 936 754 1001 sic
777 935 919 1023 reperire
941 934 1019 1018 suis,

202 1064 250 1106 ss.
282 1042 491 1129 Ell'ugiatque
513 1065 630 1107 manus
654 1041 778 1108 sermm
801 1051 898 1128 atque
921 1038 1049 1105 occasio
1072 1037 1178 1125 longe,

337 1146 554 1236 Optatamque
576 1160 673 1236 neget
694 1150 802 1215 Parca
824 1169 938 1213 severa
961 1166 1083 1211 necem.

283 1255 385 1319 'l'erra
406 1266 503 1342 neget
525 1257 647 1343 fruges,
668 1278 759 1321 mare
781 1257 896 1342 pisces,
920 1250 1032 1318 aethra
1054 1250 1218 1335 volucres,

337 1362 462 1448 Perque
484 1374 581 1449 neget
604 1363 751 1427 flammas
775 1362 860 1448 ignis
883 1371 915 1426 et
938 1358 1043 1422 amnis
1066 1380 1177 1445 aquae.

283 1466 445 1534 Omnibus
468 1492 645 1536 aerumnae
669 1492 752 1557 quae
775 1467 927 1556 gentibus
951 1475 1026 1530 aute
1049 1465 1150 1549 fuere,

201 1596 249 1639 eo.
334 1576 374 1640 In
397 1585 496 1663 eaput
519 1576 674 1642 obversas
697 1577 814 1641 sentiat
837 1573 892 1639 ille
914 1593 1020 1637 suum.

284 1682 373 1747 Inter
396 1682 548 1749 mortales
570 1683 815 1749 infelicissimus
838 1700 950 1747 omnes

337 1790 515 1855 Fortunam
538 1791 619 1856 nolit
642 1790 730 1856 illius
753 1812 824 1854 esse
847 1809 949 1853 suam

284 1897 494 1962 Detestentur
516 1920 592 1962 eum
614 1897 723 1983 frater,
746 1919 845 1981 soror,
868 1916 960 1978 uxor,
982 1892 1089 1976 amici,

336 2003 392 2069 Nil
415 2006 520 2091 magis
544 2007 687 2071 invisum
710 2006 793 2069 iuret
817 2012 952 2088 uterque
972 2018 1102 2086 parens.

201 2132 249 2173 es.
280 2109 369 2189 Quin
391 2111 479 2176 vitae
501 2112 600 2177 telem
622 2112 663 2178 ob
687 2121 800 2176 natum
823 2109 902 2173 dum
925 2105 1033 2171 taedet
1057 2115 1245 2191 utrumque,

335 2216 398 2282 Illa
420 2240 519 2283 manu
543 2218 644 2285 letum
668 2227 802 2304 quaerat
824 2227 856 2282 et
878 2213 933 2279 ille
957 2234 1065 2296 manu,

283 2325 351 2387 Aut
374 2347 409 2389 se
431 2326 622 2412 praecipitet
645 2325 764 2389 summi
788 2323 828 2387 de
851 2323 973 2387 vertice
996 2318 1124 2402 montis,

336 2432 404 2495 Aut
426 2432 557 2518 rapidas
581 2432 638 2496 ulti
661 2432 758 2496 iactet
780 2431 816 2494 in
838 2429 944 2493 amnis
967 2446 1077 2512 aquas.

281 2535 333 2600 Ad
358 2538 443 2602 sacri
464 2549 606 2622 tenuere,
628 2548 737 2624 patres
747 2538 769 2620 ²,
791 2537 848 2623 qui
871 2534 1014 2599 fluminis
1038 2529 1171 2614 undam

201 2663 247 2706 etr.
332 2645 362 2707 A
386 2667 420 2708 se
443 2646 501 2709 νὴ(
524 2655 655 2710 teneant
679 2643 926 2728 abstineantque
948 2661 1074 2723 manus,

283 2749 362 2814 Irati
385 2761 566 2816 monstrum
590 2750 679 2817 caelo
702 2771 875 2837 generasse
895 2745 1076 2813 nefandum

336 2857 378 2921 Et
402 2856 523 2922 Christi
548 2880 666 2922 nomen
689 2857 773 2922 ferre
796 2853 925 2919 dedisse
947 2853 1021 2917 Dei.

281 2962 382 3028 Lacte
405 2987 473 3049 suc,
496 2964 679 3049 infandum,
701 2963 823 3047 nutrix,
845 2981 929 3047 quae
951 2957 1064 3024 eduxit
1087 2955 1272 3039 alumnum,

334 3070 374 3133 In
397 3081 534 3136 mortem
557 3069 644 3135 ferro
667 3067 916 3156 sanguinolenta
938 3075 1021 3130 ruat.

200 3197 247 3238 oe.
278 3175 400 3241 Infelix
424 3179 554 3263 coniux,
578 3177 725 3244 vinclum
748 3196 928 3242 excussura
950 3172 1068 3258 iugale,

336 3284 412 3371 Ipsa
435 3307 494 3349 sua
518 3283 667 3371 iugulum
691 3283 881 3370 comprimat
906 3303 965 3345 usa
988 3302 1096 3343 mauu.

283 3388 375 3454 Haec
398 3392 466 3456 nati
490 3402 648 3478 nataeque
671 3389 781 3476 legant
805 3388 867 3453 sibi
890 3388 1015 3472 funera,
1039 3386 1200 3470 stringant
1213 3390 1226 3425 ³³

335 3499 402 3561 Aut
426 3509 569 3563 teneram
593 3498 708 3585 laqueo
731 3506 822 3584 putre
845 3494 977 3561 vidente
1000 3491 1120 3579 gulam.

282 3603 421 3668 Oonubii
444 3615 475 3669 et
498 3627 541 3670 ne
563 3627 680 3691 expers
703 3605 790 3669 vitae
814 3603 890 3668 data
913 3612 1058 3687 tempora
1081 3597 1208 3686 perdat,

182 3731 248 3772 100.
332 3709 425 3774 Illius
448 3711 608 3776 thalamos
631 3711 703 3775 (lira
726 3711 878 3795 Megaera
901 3718 998 3795 petat.

284 3816 398 3881 Alecto
422 3818 578 3903 invideat,
602 3819 708 3883 saevis
732 3827 830 3904 eaput
854 3826 929 3902 apta
953 3813 1105 3897 colubris,

334 3922 608 4011 Praereptumque
632 3924 694 3989 sibi
718 3924 806 3988 dicat
830 3921 933 3986 inulta
957 3921 1074 3986 virum.

281 4029 406 4096 Clamet
430 4031 516 4096 idem
540 4033 609 4097 fera
632 4031 808 4119 Tisiphone
831 4031 982 4116 dicatque
1005 4027 1188 4093 fremendo:

286 4295 293 4323 ¹
313 4298 398 4347 tlssol.
422 4298 620 4362 „obrumpere“.

285 4383 466 4451 2δροιιεοωει,
485 4386 530 4452 qui
550 4387 606 4436 eius
626 4387 757 4451 baptismo
777 4387 956 4437 interfuerunt
975 4383 1095 4448 (ojeowie
1115 4383 1269 4451 chrzcstni).

285 4472 407 4524 ³(lssol.:
430 4475 586 4541 „offingen
606 4476 692 4526 Corn:
714 4477 872 4544 „stringat“.
