3016 5310
501 981 545 1036 De
563 979 714 1035 cerevisia
733 979 824 1050 nigra
842 979 1037 1050 gedanensr.

756 1142 781 1206 Ι.

302 1266 412 1350 Miror,
436 1284 494 1331 eur
518 1276 587 1330 atro
610 1266 731 1351 gaudet
754 1265 931 1332 Germania
954 1276 1040 1352 putu.

353 1372 409 1437 Nil
434 1373 562 1438 mirere:
586 1382 656 1437 atra
679 1372 800 1459 gaudet
823 1382 855 1437 et
878 1372 934 1435 illu
956 1372 1029 1437 fide.

744 1567 788 1630 ΙΙ.

301 1672 441 1776 Μίτατίε,
464 1700 541 1781 potu
567 1690 751 1757 Germanus
774 1689 915 1777 gaudeat
939 1691 1043 1755 omnis

355 1796 422 1864 Cur
444 1797 557 1883 piceo?
581 1798 674 1884 pieea
696 1798 816 1884 gaudet
839 1808 870 1862 et
893 1796 948 1862 ille
972 1797 1044 1862 fide.

736 1990 796 2055 III.

301 2114 399 2180 Tetra
423 2115 640 2202 perhorresce,
664 2137 724 2180 eeu
748 2116 845 2200 Ditis,
869 2114 997 2201 poeula3
1022 2137 1150 2201 quaese,

351 2223 382 2287 A
406 2244 466 2308 me,
490 2222 662 2306 Oameovi,
685 2232 827 2286 transeat
851 2223 912 2287 iste
936 2221 1031 2286 calix.

732 2416 791 2480 IV.

295 2540 398 2606 Grata
421 2539 539 2626 quibua
562 2541 697 2626 nigrans
721 2541 862 2605 cervisia
885 2539 1002 2628 poeula
1026 2539 1166 2627 praebet,

349 2647 410 2710 His
433 2647 490 2733 pix
515 2657 570 2711 aut
594 2646 692 2711 carbo
717 2646 828 2711 debuit
852 2670 921 2712 esse
946 2646 1048 2712 eibuu.

736 2840 775 2902 V.

293 2965 390 3029 Tetra
413 2964 627 3051 perhorrescit
651 2965 706 3051 qui
730 2987 795 3027 nun
817 2963 898 3027 haee
923 2964 1047 3050 poeula,
1070 2974 1169 3028 tetras

347 3072 612 3136 Formidaturum
636 3072 723 3136 hune
747 3095 812 3135 nun
836 3083 912 3158 puta
936 3072 1024 3136 Ditis
1049 3095 1157 3158 aquas,

729 3265 786 3328 VI.

292 3389 357 3468 Qui
382 3389 504 3453 Baeehi
527 3390 696 3453 inventum
719 3388 800 3454 haee
824 3390 987 3454 teterrima
1011 3389 1126 3476 poeula
1151 3390 1242 3473 dixit,

345 3494 405 3559 Ille
429 3494 518 3559 dedit
543 3518 644 3559 vanua
668 3505 698 3559 et
723 3497 792 3560 sine
816 3506 922 3560 mente
947 3519 1049 3561 senaa

291 3601 356 3681 Qui
380 3613 493 3666 eontra
516 3603 589 3666 tetri
614 3601 728 3666 dieunt
751 3602 831 3667 haee
855 3603 971 3689 poeula
995 3603 1092 3686 Ditis,

345 3708 413 3771 Hos
437 3730 531 3773 ueros
555 3718 655 3792 vates,
678 3707 737 3773 hos
761 3731 816 3773 eur
839 3709 957 3774 habere
981 3720 1099 3795 putem.

184 3828 285 3835 ...-..-
330 3829 389 3834 —-.

293 3886 397 3937 'Coru
420 3887 470 3938 155
489 3905 527 3954 eq.
554 3911 575 3930 =
602 3892 659 3937 (ise.
680 3888 722 3939 21.
748 3891 845 3940 Confer
864 3890 936 3939 infra
956 3890 1082 3940 carminis
1101 3907 1125 3954 q.
1145 3891 1162 3940 i.
1190 3892 1220 3940 In
1240 3892 1327 3941 (teda-

181 3991 278 4025 nentes
298 3977 491 4027 tumultuantes
511 3993 535 4027 v.
556 3976 591 4028 25
610 3994 665 4041 sqq.
686 3980 717 4027 In
737 3979 859 4028 convivio
880 3979 1003 4044 quodam,
1023 3980 1066 4029 eui
1087 3979 1325 4031 intermorituram

181 4064 354 4120 eameovim,
366 4066 545 4116 ministratam
556 4083 613 4117 esua
624 4067 699 4116 illam
709 4067 888 4130 pedanensem
898 4068 1065 4130 cerevisiam,
1076 4069 1326 4135 docetepigramma

180 4154 228 4203 111.
249 4156 325 4216 Quae
344 4153 462 4204 iudicare
482 4155 606 4205 ridentur
625 4171 648 4206 a.
670 4155 740 4208 1568
760 4164 806 4206 aut
827 4157 903 4209 1569.
