3016 5310
177 448 230 513 30
659 461 844 496 ermom

187 531 624 544 ——-.-—-—-—-——-—
801 530 969 536 ------...
999 531 1057 537 -..-
1081 531 1096 535 ..
1106 529 1260 538 ...——-——
1268 530 1327 539 .—

901 543 1103 550 ————-
1112 543 1122 549 -
1133 542 1327 552 ———...--

292 657 457 725 Difficiles
480 679 522 722 ne
545 655 641 721 crede
665 655 783 740 aditus,
804 655 900 741 intra,
923 653 1036 720 oscula
1059 653 1197 721 dextrae

295 767 466 852 Augustae
487 763 582 849 figas:
604 761 699 826 vultu
722 762 886 848 excipiere
909 783 1031 826 sereno.

207 894 261 938 15.
293 872 460 958 Augustos
483 867 577 934 decet
598 867 661 933 hoc
683 890 789 933 mores
812 889 1004 955 sacramque
1027 889 1190 933 ceronam.

293 979 344 1043 Ne
367 976 492 1061 dubita,
515 975 537 1061 i,
560 974 657 1040 fuerit
680 975 799 1040 dehine
822 997 898 1040 cum
921 973 998 1039 data
1021 975 1115 1062 copia
1138 973 1241 1061 fandi,

295 1083 480 1170 Composito
504 1083 613 1166 affare,
636 1091 667 1147 et
690 1081 771 1146 tales
794 1080 894 1147 redde
917 1103 972 1146 ore
994 1081 1154 1169 loquelas:

384 1190 520 1277 Regina,
542 1189 753 1254 Austriacum
776 1211 889 1275 genus,
911 1188 977 1254 alto
1000 1211 1020 1252 a
1035 1189 1196 1278 sanquine
1210 1211 1327 1276 regum

295 1298 443 1385 Iuppiter
464 1295 613 1362 aetherea
636 1318 734 1382 quam
757 1295 893 1382 longum
915 1296 1042 1361 vescier
1064 1317 1147 1361 aura

205 1429 262 1471 ao.
294 1406 429 1469 Annuat
452 1412 483 1469 et
506 1401 648 1467 thalamo
672 1402 791 1467 multos
814 1401 957 1489 gaudere
978 1424 1037 1489 per
1060 1425 1184 1489 annea.

294 1510 410 1597 Regali
432 1507 584 1594 thalamo,
609 1507 793 1594 Sismund0‚
815 1531 892 1595 rege
914 1509 1044 1574 marita:

294 1618 349 1683 Ad
371 1627 404 1683 te
427 1640 486 1681 nos
509 1626 610 1700 vates,
634 1615 791 1702 Hispanis
815 1624 911 1679 natus
934 1616 970 1679 in
993 1615 1068 1701 oris,

295 1726 461 1811 Accepere
486 1746 544 1787 suo
570 1745 653 1809 quae
676 1745 695 1786 a
717 1722 851 1787 flumine
874 1744 992 1787 nomen
1014 1721 1120 1808 Ibero,

295 1830 402 1896 Gente
424 1830 555 1918 Royzea
577 1829 713 1893 Maurea
735 1838 767 1893 et
789 1839 885 1914 gente
908 1829 1091 1915 profectum

206 1959 262 2002 ss.
295 1936 395 2001 Haud
420 1959 524 2022 genus
549 1935 733 2020 obscurum,
755 1935 866 2022 legum
888 1934 977 1999 haud
999 1936 1131 2022 ignotus
1152 1934 1189 1999 in
1212 1932 1287 1998 urbe

296 2044 456 2109 Oracovia
479 2044 637 2128 interpres
661 2043 801 2134 iustique
824 2042 982 2129 aequique
1005 2042 1170 2128 magister,
1193 2080 1237 2090 —

295 2148 350 2213 Ad
374 2160 405 2214 te
428 2172 488 2214 nos
511 2149 600 2213 misit
623 2149 781 2235 iussitque
802 2147 884 2213 haec
907 2170 1013 2235 pauca
1035 2148 1166 2214 referre

297 2257 490 2323 Oracoviam
514 2278 618 2342 nuper
640 2256 784 2321 venienti
808 2277 977 2319 occurrere
1000 2255 1036 2318 in
1059 2254 1175 2320 urbem

297 2363 338 2427 In
361 2386 480 2449 magno
504 2361 649 2426 medium
673 2363 837 2446 comitatu,
859 2362 1019 2448 praestitit
1041 2363 1148 2426 omnis

207 2493 263 2535 ao.
296 2469 392 2549 Quod
415 2469 475 2534 tibi
500 2468 661 2535 Sarmatia
684 2469 718 2531 in
741 2469 847 2554 longis
872 2477 1016 2555 spectata
1039 2469 1190 2555 catervis,

298 2578 453 2662 Argeum,
476 2599 605 2662 gemma
628 2585 659 2640 et
682 2574 783 2640 multo
807 2574 1052 2662 splendentibus
1076 2597 1170 2640 auro:

296 2684 370 2747 Non
394 2684 464 2769 epis
485 2683 583 2767 illius,
608 2705 672 2746 non
696 2682 784 2746 illius
807 2683 869 2746 ista
892 2681 1045 2765 facultas3

299 2789 396 2869 Quod
418 2788 579 2875 Phoebus,
602 2791 716 2854 Musae
739 2790 911 2875 exactique
933 2788 1052 2854 dedere
1075 2788 1216 2855 labores:

299 2896 372 2960 Hoc
394 2906 545 2983 praestat,
568 2897 690 2982 regina,
712 2895 781 2981 tibi,
805 2918 943 2982 quorum
966 2919 1033 2960 una
1055 2905 1198 2982 potestas
1210 2900 1230 2960 ¹.

207 3026 263 3068 sas.
385 3005 473 3090 Ergo
496 3005 664 3090 repentino
687 3026 771 3090 quae
794 3003 880 3067 fudit
902 3024 1008 3090 pauca
1031 3002 1149 3088 calore,

299 3110 467 3196 Accipias3
489 3111 591 3196 patris
614 3108 695 3174 haec
719 3131 814 3174 curas
839 3110 1007 3196 socerique
1028 3118 1210 3194 renarrant,

298 3216 493 3301 Magnorum
515 3239 639 3301 regum,
663 3215 741 3280 dum
765 3226 930 3282 extremae
953 3216 1085 3281 foedera
1106 3215 1223 3282 taedae

204 3375 207 3382 .
299 3321 475 3387 Thesauris
498 3322 610 3409 cupidi
634 3345 737 3409 nuper
759 3322 961 3388 meditantur
982 3324 1110 3410 apertis.

301 3427 393 3506 Quae
416 3431 570 3494 austriaci
593 3452 752 3516 proceres,
775 3452 924 3517 proceres
946 3453 1029 3517 quae
1053 3429 1173 3497 deinde
1195 3429 1327 3517 poloni,

207 3558 264 3600 40.
296 3534 519 3600 Praestiterint
531 3542 551 3621 ²,
575 3537 660 3622 lecti,
684 3560 768 3624 quae
789 3538 949 3623 praestitit
972 3537 1050 3602 ordo
1073 3545 1216 3622 senatus,

297 3641 528 3706 Sauromatum
550 3666 634 3730 quae
658 3644 721 3729 ipsi
743 3667 845 3729 reges,
869 3667 953 3729 quae
974 3645 1065 3730 regia
1087 3644 1220 3729 coniux,

299 3747 430 3813 Gaudia
452 3773 537 3837 quae
559 3750 671 3837 populi
694 3773 825 3837 sparsae
847 3761 878 3816 et
902 3751 1016 3816 solatia
1038 3750 1157 3837 plebis:

299 3855 390 3919 Haec
412 3856 473 3921 tibi
496 3879 554 3943 pro
578 3858 703 3942 turmis,
725 3880 784 3944 pro
806 3857 912 3944 longis
936 3857 992 3923 ille
1012 3858 1161 3942 catervis,

298 3962 390 4026 Haec
413 3962 473 4027 tibi
496 3987 554 4050 pro
579 3975 720 4049 argento,
743 3987 801 4050 pro
825 3966 962 4051 gemmis
985 3964 1083 4029 mittit
1106 3975 1138 4029 et
1161 3985 1250 4029 aure.

212 4089 264 4132 us.
295 4067 388 4132 Illius
411 4068 473 4136 hae
497 4094 654 4157 gemmae„
677 4082 848 4158 argentum
870 4072 940 4158 hec,
962 4071 1025 4136 huc
1047 4070 1137 4136 illius
1161 4094 1283 4154 aurum,

299 4175 370 4240 Hae
394 4187 528 4263 turmae,
551 4177 613 4242 hae
637 4178 740 4244 nitido
763 4179 912 4244 florentes
936 4201 1009 4246 aare
1033 4188 1193 4245 catervae.

192 4348 286 4353 ——.
298 4349 395 4356 --—-

300 4423 308 4452 ¹
329 4425 391 4476 Scil.
411 4433 452 4477 est
471 4427 519 4477 illi.

300 4510 309 4541 ¹
328 4515 454 4566 Fortasse
474 4517 701 4582 „praestiteruut“
721 4519 830 4585 scripsit
847 4519 904 4585 ipse
922 4521 952 4570 R.
996 4571 999 4578 ,
