3016 5310
657 472 812 509 enarrarre.
1262 461 1310 511 [Ν

165 667 283 752 scripti,
308 668 365 753 qui
390 689 479 731 nunc
495 667 529 731 in
546 666 743 732 bibliotheca
758 689 911 732 caesarea
927 667 1059 754 publica
1075 668 1310 755 petropolitana

165 785 383 839 asservantur.
423 773 517 839 Alter
549 774 655 839 forma
686 785 801 861 quarta
824 776 917 861 signo
940 775 1035 839 liam.
1059 778 1098 856 Q.
1121 775 1217 859 XIV,
1247 779 1310 842 130

164 879 337 944 distinctus
361 880 645 968 (petrepolitanum
670 882 685 946 Ι
709 904 782 947 eum
807 886 900 963 voco)
924 883 1069 947 continet
1084 894 1155 969 post
1171 881 1309 947 aliorum

165 988 311 1052 carmina
333 986 451 1076 Royaii
475 986 732 1074 Epithalamium
760 988 961 1073 Sigismundi
986 992 1128 1074 Augusti
1159 991 1247 1075 regis
1278 1002 1309 1055 et

165 1092 313 1158 lllisabes
339 1096 381 1158 14
404 1093 527 1159 chartis
550 1105 722 1160 exaratum
747 1096 785 1179 (Ι,
807 1098 963 1178 45-60),
986 1096 1069 1160 alter
1093 1097 1216 1160 formae
1239 1119 1309 1160 ma-

164 1202 270 1265 ximae
287 1212 366 1266 nota
378 1191 485 1294 {E}—
505 1203 540 1266 F.
558 1203 616 1286 IV,
635 1204 699 1268 104
715 1213 857 1287 ornatus,
877 1226 974 1289 quam
990 1203 1259 1290 petropolitanum
1274 1204 1309 1268 II

165 1307 242 1392 dico,
266 1308 424 1394 pleraque
447 1308 553 1373 soluta
575 1310 719 1374 oratione
736 1309 818 1375 saec.
835 1310 920 1374 XVI
937 1311 1058 1395 scripta
1074 1309 1309 1396 complectitur,

165 1416 279 1501 quibus
311 1414 535 1482 admiscentur
564 1417 598 1480 in
630 1416 752 1481 chartis
783 1419 826 1480 26
857 1417 899 1481 ad
931 1419 971 1481 31
997 1417 1112 1504 Royzii
1136 1419 1238 1482 Dirae
1270 1417 1309 1501 (Ι,

167 1521 354 1603 roe-268)
378 1533 410 1586 et
432 1523 590 1587 nonnulla
613 1523 805 1610 plerumque
829 1525 954 1587 minora
977 1526 1136 1607 carmina,
1168 1547 1251 1610 quae
1274 1525 1308 1587 in

168 1638 339 1715 conspectu
365 1627 521 1695 librorum
544 1630 669 1694 ordinis
693 1630 770 1695 huic
786 1631 978 1717 praefationi
1000 1630 1128 1696 adnexo
1145 1632 1213 1694 suis
1229 1630 1310 1695 locis

168 1734 372 1822 nuncupabo.
410 1737 555 1823 Uterque
579 1736 661 1802 liber
685 1738 940 1824 petrapolitanus
964 1740 1106 1803 continet
1134 1737 1238 1802 solum
1262 1761 1309 1822 ea,

170 1864 242 1928 quae
278 1845 347 1907 iam
380 1843 548 1910 codicibus
583 1847 766 1911 cornicensi
802 1856 898 1932 atque
933 1844 1092 1910 ossolineo
1127 1859 1309 1928 servantur,

171 1947 328 2036 discrepat
343 1963 453 2016 tamen
469 1950 640 2037 aliquoties
656 1954 802 2038 graviter
818 1955 851 2016 in
869 1951 1087 2039 Epithalamio
1104 1961 1199 2037 atque
1216 1952 1308 2016 Diris

172 2068 297 2122 atextu
321 2057 374 2121 his
397 2057 491 2123 libris
513 2059 641 2124 traditu.
666 2059 760 2141 Quod
785 2083 862 2126 cum
885 2061 949 2123 iam
966 2060 1088 2124 maiore
1105 2070 1196 2145 parte
1211 2058 1309 2122 huius

172 2162 315 2229 editionis
337 2166 427 2254 typis
450 2188 573 2231 excusa
596 2178 712 2232 nactos
736 2167 837 2231 libros
860 2166 1112 2254 petrapolitauos
1136 2166 1308 2250 cognovis-

173 2292 239 2356 sem,
262 2271 308 2336 ad
331 2271 454 2338 calcem
479 2274 689 2359 praefationis
714 2297 804 2338 meae
828 2285 1036 2360 conspectum
1058 2274 1223 2337 variarum
1245 2270 1309 2336 bac

173 2391 252 2463 parte
284 2378 460 2445 lectionum
492 2404 679 2468 proponam.
708 2421 742 2430 -
777 2384 853 2447 Duo
884 2383 991 2446 faceta
1022 2381 1137 2471 Royzii
1162 2380 1309 2444 carmina

173 2496 377 2551 asservantur
400 2489 434 2550 in
457 2488 573 2553 ultima
597 2488 709 2553 charta
733 2490 947 2575 manuscripti
963 2511 1045 2553 saec.
1063 2488 1157 2568 XVI,
1181 2487 1236 2572 qui
1260 2496 1311 2549 cst

172 2592 197 2656 in
215 2593 415 2660 bibliotheca
431 2596 586 2661 comitum
603 2596 781 2660 Krasiriski
798 2597 1001 2661 varsaviensi
1019 2595 1309 2681 complectiturque

172 2699 261 2766 cneii
279 2712 446 2787 poemata.
470 2704 617 2784 Quorum
640 2702 779 2768 alterum
803 2705 840 2785 (l.
864 2706 930 2768 240
946 2708 1003 2789 sq.)
1027 2704 1123 2766 etiam
1141 2703 1309 2765 cornicen-

171 2808 206 2872 sis
228 2808 316 2874 liber
338 2807 479 2891 exhibet,
503 2810 641 2875 alterum
673 2812 729 2893 (ΙΙ,
754 2814 818 2876 263
843 2816 900 2897 sq.)
932 2811 1035 2875 solum
1067 2833 1108 2874 ex
1140 2808 1195 2872 illo
1223 2808 1307 2872 libro

170 2913 314 2980 innotuit.
355 2915 571 2982 Baccheidem
602 2930 730 3004 praeter
764 2918 883 2983 librum
919 2919 1139 2982 cornicensem
1176 2915 1309 2979 exhibet

169 3023 338 3087 barrensis
362 3045 446 3088 saec.
468 3023 554 3088 XVI
578 3024 633 3107 (cf.
657 3026 682 3109 Ι,
707 3026 780 3109 233,
804 3025 878 3089 adn.
905 3029 954 3105 1.).
978 3025 1090 3088 Unum
1107 3024 1309 3109 epigramma

168 3129 216 3214 (ΙΙ,
240 3131 320 3214 283,
344 3131 442 3211 XIV)
464 3130 602 3196 debetur
626 3132 685 3196 aoli
709 3132 792 3196 libro
816 3132 1079 3205 stookholruensi.
1103 3130 1144 3194 de
1165 3153 1228 3216 quo
1245 3140 1310 3194 rct-

167 3237 220 3302 tuli
245 3238 282 3302 II
306 3262 360 3325 pg.
384 3240 451 3304 280
473 3239 547 3302 adu.
573 3242 601 3325 1,
625 3238 714 3303 aliud
736 3241 791 3323 (ΙΙ,
817 3243 845 3323 7,
869 3242 912 3322 4),
936 3239 976 3303 ab
994 3241 1064 3325 ipso
1081 3239 1205 3325 Royzio
1221 3238 1309 3325 typis

167 3345 299 3430 editum,
321 3344 450 3431 legitur,
474 3357 510 3410 ut
533 3370 553 3410 a
568 3348 634 3412 Jos.
652 3346 901 3435 Przyborowski
919 3345 1096 3411 liberaliter
1113 3367 1168 3430 per
1184 3344 1309 3408 litteras

167 3452 300 3518 edoctus
324 3475 406 3538 sum,
429 3455 515 3518 inter
539 3454 603 3517 alia
627 3455 660 3517 in
685 3455 777 3518 Actis
794 3455 976 3518 tomicianis
993 3453 1207 3517 bibliothecae
1223 3451 1309 3514 ordi-

167 3561 306 3625 nationis
330 3563 554 3626 zamoscianae
577 3563 799 3626 varsaviensis
825 3570 865 3643 (n.
891 3563 986 3645 2858,
1011 3572 1085 3624 tom.
1102 3562 1156 3638 23)
1181 3560 1213 3621 in
1231 3580 1310 3644 pcn-

167 3676 302 3732 tametro
325 3667 371 3730 ita
394 3668 615 3732 immutatum:
642 3668 732 3751 „Rex
755 3668 818 3732 hie.
843 3668 923 3732 hacc
939 3691 1024 3731 noxa
1040 3680 1097 3743 est,
1121 3667 1211 3752 pacis
1227 3666 1309 3728 ami·

168 3795 220 3839 cus
244 3775 350 3839 erat“.

271 3881 367 3946 Haec
397 3883 567 3948 innotuere
598 3883 676 3946 mihi
709 3884 948 3971 Royzianorum
981 3883 1161 3946 carminum
1191 3879 1311 3942 funda-

168 4001 273 4053 menta
297 4011 397 4052 manu
422 3992 553 4076 scripta.
578 3990 667 4055 Inter
689 4013 772 4076 quae
796 4014 869 4054 cum
895 3990 1014 4054 librum
1040 3990 1262 4052 cornicensem
1280 3996 1312 4050 et

169 4096 362 4160 ossolineum
393 4099 549 4163 materiae
580 4099 620 4161 ab
653 4100 732 4184 ipsis
766 4097 870 4161 solum
901 4108 1050 4161 servatae
1086 4097 1178 4179 copia
1213 4094 1311 4158 facile

170 4204 347 4290 prinoipem
371 4203 518 4268 obtinere
541 4204 648 4269 locum
674 4217 798 4268 certum
824 4206 881 4288 sit,
913 4204 954 4267 ad
987 4227 1040 4267 eos
1073 4202 1168 4265 redeo
1198 4202 1311 4285 paucis

171 4312 371 4397 repetiturus,
393 4333 477 4396 qnae
500 4312 633 4376 uberius
657 4313 689 4374 in
714 4335 786 4376 mea
811 4311 926 4397 polona
950 4310 991 4374 de
1015 4310 1136 4396 lloyzio
1157 4307 1309 4370 disserta-

172 4417 252 4482 tione
275 4418 422 4503 exposui.
446 4419 529 4485 Sunt
553 4420 653 4502 igitur
675 4418 708 4481 hi
733 4418 797 4481 duo
820 4418 897 4482 libri
920 4431 952 4480 et
973 4427 1172 4481 servatorum
1192 4415 1310 4476 carmi-

174 4545 245 4588 num
267 4523 384 4590 ordine
407 4537 438 4590 et
462 4527 532 4612 ipsa
556 4536 664 4591 textus
688 4526 943 4590 conforrnatione
972 4527 1058 4589 inter
1088 4546 1123 4587 se
1155 4543 1309 4607 perquam
