3016 5310
666 446 837 482 ΜΝΤΜΔΜ.

736 832 767 900 6.

520 993 556 1047 Ιιι
574 989 716 1048 abbatam
735 991 984 1062 palplinausaw.

738 1151 766 1221 Ι.

287 1277 354 1342 Pro
377 1276 466 1342 dulei
490 1276 592 1342 fallax
613 1278 671 1364 qui
694 1277 824 1342 miscuit
847 1275 963 1364 haspas
987 1298 1141 1361 amarum,

344 1383 409 1448 Pro
431 1382 505 1450 luca
526 1382 703 1448 horrendas
727 1383 782 1449 illa
805 1383 888 1449 ferat
910 1382 1068 1448 tenebras.

731 1576 776 1640 II.

287 1702 353 1767 Pro
378 1703 472 1767 suavi
494 1703 659 1789 ingratum
681 1703 737 1789 qui
760 1701 912 1766 haustum
935 1701 1015 1766 mihi
1035 1701 1185 1789 praebuit
1199 1701 1326 1789 hospaS,

344 1809 512 1895 Nareaqua
535 1809 661 1874 insueto
684 1809 786 1873 movit
810 1807 906 1873 odora
929 1830 1030 1874 meas:

288 1913 379 1981 Olim
403 1937 461 2002 pro
484 1915 573 1980 dulai
595 1916 757 1980 Diuorum
780 1923 910 1980 nectare
932 1915 1036 2001 planis

346 2020 512 2086 Faucibus
535 2021 680 2087 infernos
702 2021 831 2086 hauriat
853 2021 908 2086 illa
931 2021 1031 2088 laeua.

743 2535 773 2602 7.

582 2711 626 2766 Da
645 2711 723 2765 calla
741 2709 909 2766 monastica
917 2709 934 2762 ².

293 2836 340 2901 Ut
364 2845 454 2922 patet
476 2836 583 2924 ampla
606 2835 685 2900 mihi
710 2835 786 2900 data
809 2835 891 2902 aella
914 2837 1106 2901 monastiea!
1130 2836 1165 2902 Si
1188 2836 1261 2923 quis

347 2942 475 3008 Teudat
499 2953 668 3030 utramque
690 2966 832 3028 manum,
860 2953 971 3028 tanget
995 2954 1167 3031 utrumque
1190 2942 1283 3008 latus.

296 3048 451 3114 Lectulus
475 3059 506 3115 at
529 3072 641 3115 manaa
663 3061 712 3115 ast
734 3072 936 3137 parvumque
960 3049 1069 3115 sedile.
1093 3047 1247 3137 Supellax

347 3154 409 3222 Cui
434 3157 513 3220 satis
535 3155 625 3242 haee,
648 3157 745 3221 nimis
768 3155 856 3221 huna
879 3157 952 3243 quis
973 3166 1069 3242 negat
1084 3178 1155 3221 assa
1170 3155 1328 3243 sophum?

185 3326 395 3334 *η-

295 3401 303 3430 ¹
324 3403 396 3453 Mati.
417 3404 504 3469 (Corn.
525 3402 577 3455 156
591 3426 616 3446 =
631 3405 689 3454 Oua.
703 3403 736 3455 21
751 3405 800 3470 aq.)
820 3403 947 3454 exhibant
964 3404 1194 3469 „Paplinanaam“.
1214 3404 1331 3470 Palpliui

183 3490 259 3542 haud
277 3492 369 3557 procul
389 3508 406 3543 a
424 3493 534 3544 Godana
553 3502 611 3543 arat
629 3492 742 3544 calabria
763 3493 874 3543 abbatia
894 3492 1115 3557 aiatarcianaium,
1136 3493 1181 3544 ubi
1201 3493 1329 3558 Royzium

185 3596 211 3631 a.
233 3578 303 3633 1568
323 3588 370 3631 aut
390 3579 460 3633 1569
479 3581 593 3647 hospitio
613 3589 753 3648 axcaptum
772 3597 830 3632 assa
843 3581 970 3646 auspicor.
992 3582 1068 3644 Quod
1080 3582 1103 3631 ai
1116 3581 1156 3631 ita
1168 3582 1229 3645 fuit,
1248 3582 1330 3634 facila

185 3669 270 3720 atiam
288 3670 346 3719 fieri
365 3671 459 3735 potuit,
479 3677 508 3719 ut
527 3670 561 3732 ai,
580 3677 671 3734 utputa
690 3669 799 3720 Gadano
819 3686 999 3735 germanoque
1018 3670 1118 3720 nomini
1138 3677 1194 3721 tum
1213 3670 1331 3733 inimico,

189 3759 223 3808 ab
242 3759 343 3811 abbata
362 3759 522 3825 palplinanai
540 3775 588 3825 par
606 3758 749 3809 ludibrium
769 3775 890 3809 amarum
909 3759 977 3809 illud
995 3767 1023 3810 at
1035 3760 1192 3826 gravaolaua
1206 3760 1330 3825 poculum

188 3847 370 3913 praeberetur.

298 3933 406 3988 'Catu
427 3936 479 3990 156
497 3953 535 4001 aq.
560 3960 584 3981 ι
609 3939 667 3987 Oai.
687 3935 729 3988 22.
759 3937 873 4002 Royziua
900 3939 1012 3988 sortasse
1037 3937 1066 3987 in
1089 3938 1147 4003 ipao
1172 3935 1334 4003 palplinanai

188 4025 352 4076 monastario
371 4025 421 4076 illa
439 4026 509 4076 calla
527 4034 654 4092 axaaptua
674 4035 721 4076 ast.
