3016 5310
527 453 693 490 tristamus.
767 462 769 466 ·
1127 441 1170 505 13

222 645 287 711 Hic
311 669 438 733 quoquc
461 669 593 712 cernere
616 658 684 712 erat
707 647 842 734 populos
866 647 1053 714 discrimine
1076 649 1168 715 nullo

137 754 193 839 Ire,
216 754 293 840 iugo
316 764 489 841 postquam
511 776 650 819 excusso
674 776 824 841 sprevere
846 765 1033 843 tyrannum.

136 860 260 947 Vulgus
283 860 448 925 honoratis
472 862 712 947 commixtaque
735 861 863 926 civibus
887 862 911 926 it
935 861 1035 948 plebs.

136 967 206 1031 Non
230 966 398 1031 dominum
420 966 574 1053 glandem
597 971 754 1033 ructansl
777 969 924 1053 agnoscit
948 969 1084 1054 agrestis

61 1092 110 1135 aon.
132 1074 286 1137 Armatus
309 1072 390 1137 sude
413 1074 546 1154 ferrata3
570 1096 635 1137 non
658 1075 781 1139 vertice
804 1074 892 1137 nudo

10 1156 13 1171 Ι
135 1179 237 1245 Cerdo
260 1181 487 1265 magistratum
511 1181 688 1266 meritoque
712 1183 831 1244 affatur
852 1180 982 1265 honore,

135 1285 259 1350 Cuncta
281 1308 388 1370 ruens,
412 1287 482 1351 sine
506 1309 595 1351 more
618 1287 697 1350 furit
720 1287 845 1351 lasciva
868 1288 1030 1351 inventus.

10 1346 15 1521 ν
134 1391 230 1455 Nulla
254 1392 309 1456 olli
333 1402 382 1457 sat
405 1392 517 1458 clausa
540 1392 669 1474 domus3
693 1417 757 1457 non
781 1393 929 1457 vectibus
955 1392 1029 1457 ullis

136 1497 339 1564 Defensaeve
361 1523 463 1564 nurus
487 1511 636 1565 castaeve
659 1501 750 1565 fuere
773 1499 908 1587 puellae.

60 1618 109 1664 aas.
135 1603 263 1670 Scilicet
285 1606 469 1694 irrumpunt
492 1630 631 1694 magnac
653 1608 687 1670 in
711 1606 888 1693 penetralia
912 1608 1044 1689 Vestae3

136 1709 277 1802 Intactos
299 1711 458 1777 thalamos
482 1725 513 1778 et
537 1735 645 1778 sacros
669 1712 720 1776 dis
743 1713 942 1801 hymenaeos

138 1817 217 1881 Ausi
240 1817 393 1905 polluere,
416 1825 696 1907 ansanctumque²
719 1820 847 1885 anferre
868 1819 1034 1906 pudorem.

138 1924 315 1990 Accinctus
338 1927 423 1992 ferro
446 1950 569 2014 pauper
591 1926 760 2013 locupletis
783 1928 818 1991 in
841 1927 937 1991 aedes

139 2028 245 2096 Currit
268 2032 363 2097 hians
385 2033 525 2120 praedae
548 2056 729 2120 gazamquc
753 2033 868 2119 fatigat
892 2034 992 2097 avari.

61 2147 111 2196 tm.
136 2137 324 2225 Importuna
347 2141 472 2205 animos
494 2141 655 2206 mendicis
678 2140 770 2205 addit
794 2150 928 2226 egestas.

139 2244 191 2308 Ins
214 2257 285 2311 erat
308 2248 342 2310 in
366 2248 493 2313 dextra:
518 2271 583 2332 quo
606 2248 668 2312 fert
692 2270 751 2311 sua
775 2269 936 2332 quemque
959 2245 1070 2331 libido,

139 2351 293 2439 Irrumpit
315 2353 462 2435 demens3
486 2377 600 2442 campo
623 2364 791 2441 grassatur
813 2363 923 2439 aperto

140 2456 279 2523 Securus
302 2459 384 2525 latro
406 2484 583 2548 poenarum
607 2472 638 2526 et
661 2462 801 2525 carceris
825 2461 895 2523 atri.

139 2563 210 2643 Qua
233 2566 296 2630 fert
320 2589 459 2654 cumque
481 2568 606 2655 pedem,
628 2567 768 2654 trepidat
791 2590 866 2633 cum
890 2566 979 2631 fasce
1001 2566 1108 2630 viator

62 2678 112 2728 ³1⁶·
136 2671 388 2761 Praetentasqne
410 2676 494 2739 notis
516 2674 706 2740 ludentibus
730 2683 869 2761 expavet
893 2673 1033 2758 umbras,

139 2779 340 2845 Praedonem
362 2792 509 2847 metuens
533 2805 622 2846 ramo
644 2782 772 2846 latitare
796 2779 856 2845 sub
880 2781 976 2843 omni.

140 2885 211 2951 Non
234 2898 363 2953 noctem
387 2888 475 2954 cives
498 2888 629 2954 horrent
651 2888 865 2974 tenebrasque
888 2896 1030 2950 ruentes:

140 2991 229 3057 Luce
252 2993 363 3058 furens
386 2996 493 3061 media
516 2997 626 3061 stricto
650 2996 786 3061 sicarius
808 3016 884 3059 ense

140 3098 246 3163 Irruat
269 3112 366 3186 atque
387 3101 496 3189 palam
517 3124 744 3189 quemcunque
767 3103 899 3188 impune
918 3099 1067 3164 trucidet.

62 3210 111 3261 ³20·
137 3203 310 3291 Non'fora²
333 3230 398 3273 non
421 3209 518 3295 leges,
541 3231 606 3272 non
625 3208 744 3273 iudicis
767 3230 824 3272 ora
847 3208 960 3290 severi,

141 3312 211 3377 Non
235 3313 294 3377 ulli
317 3314 422 3380 fasces
445 3325 646 3380 metuuntur:
670 3316 703 3378 vi
727 3316 851 3401 geritur
873 3336 932 3377 ros.

227 3419 296 3484 Hos
320 3431 385 3485 mot
387 3445 434 3506 us,
458 3445 538 3508 quos
561 3423 630 3507 ipse
653 3421 747 3485 malis
771 3421 938 3486 exciverat
962 3420 1059 3502 ausis,

10 3492 13 3631 i
141 3527 225 3591 Arce
247 3528 416 3593 Boleslaus
438 3529 655 3614 nequicquam
679 3537 801 3615 spectat
789 3527 866 3590 tab
891 3525 957 3590 alta

10 3670 13 3715 t
142 3631 181 3697 Et
204 3644 332 3720 spretus
353 3657 440 3699 vana
463 3636 532 3700 sine
556 3635 681 3699 viribus
705 3644 829 3698 aestuat
853 3635 910 3697 ira.

10 3726 13 3779 ?
64 3743 115 3794 ⁸2⁵
140 3738 202 3818 Qui
226 3740 321 3806 modo
345 3742 483 3808 Sarmat
461 3753 539 3805 tram
563 3741 626 3806 late
649 3741 874 3806 tremefecerat
897 3762 1033 3822 omnem,

10 3814 14 3987 ι
144 3846 304 3913 Estortes
327 3849 464 3935 sumptis
486 3849 626 3912 terrebat
650 3850 812 3912 Teutonas
836 3849 935 3912 armis

143 3955 294 4041 Arvaque
317 3977 464 4041 possesso
486 3966 607 4041 septem
631 3954 811 4019 subiectat
757 3955 905 4038 citrium,

63 4122 240 4151 χ.-

11 4302 14 4309 .
145 4236 153 4264 ¹
169 4240 287 4290 auctare
305 4239 399 4290 eadam
418 4239 525 4289 notione
544 4246 624 4303 atque
644 4237 721 4289 edere
741 4236 918 4288 ecclesiastici
938 4236 1043 4286 demum
1065 4235 1177 4301 scripto·

63 4323 93 4361 ¹0⁸
107 4335 301 4394 usurpaverunt.

10 4394 15 4465 i
145 4412 214 4469 'Sic
232 4418 261 4467 in
279 4423 393 4482 utraque
416 4415 539 4468 editione.
567 4415 660 4467 Facile
685 4415 760 4482 potui
785 4415 927 4481 corrigere,
952 4415 974 4464 si
1000 4412 1175 4480 scripsissem:

65 4486 121 4564 uhtu,
137 4509 334 4572 sanctumque“.
