3016 5310
180 430 223 500 94
440 419 443 427 ¹
629 442 706 486 Μαι
725 439 814 486 botzrl

219 525 262 529 -—
290 525 295 530 .
320 523 324 527 ·
398 526 413 531 .,.
423 522 531 531 ....-.-—--
548 523 580 527 ---
712 521 850 527 ..-—-.--
862 520 971 528 --—.-
982 520 1057 527 .-—..
1075 522 1079 526 .
1091 520 1123 525 ...-
1137 520 1146 525 .

231 537 263 541 -.
432 534 485 541 --
583 535 636 539 ,.-
662 534 671 540 -
730 532 843 539 -—..-
870 533 973 539 -·--—.
1004 533 1029 537 --

285 648 405 713 Omnia
427 670 485 712 vos
508 647 601 732 iuter,
625 646 728 733 potuit
752 668 983 734 quaecumque,
1006 645 1152 732 profudit

285 755 432 840 Largior,
455 776 538 840 aque
562 753 647 817 farne
671 753 858 819 inclementi
881 762 913 818 et
937 752 1057 839 frigore
1080 753 1172 818 texit.

208 887 254 928 ιο.
374 862 512 927 Amisso.
536 860 659 945 infelix,
682 859 847 944 Gamrato,
871 860 1028 943 Sarmata,
1051 858 1136 946 luge.

284 969 426 1054 Egregia
448 966 536 1031 haud
559 990 683 1053 passus,
708 968 734 1029 si
759 990 822 1054 qua
845 966 1028 1032 elucescere
1053 966 1135 1031 vidit

287 1075 424 1160 Ingenia
447 1085 478 1139 et
500 1074 600 1160 vulgo
623 1075 729 1138 maius
752 1075 946 1160 promittere,
970 1075 1056 1137 tristi

287 1181 481 1267 Paupertate
505 1182 616 1267 premi,
640 1180 735 1244 latias
758 1182 924 1267 praemisit
947 1180 988 1244 ad
1014 1203 1095 1264 oras,

287 1287 427 1373 Magnus
452 1287 507 1351 ubi
531 1289 685 1372 Antenor,
710 1287 823 1352 elassis
847 1310 981 1352 securus
1005 1287 1151 1372 achivae,

208 1414 254 1458 rs.
286 1392 433 1460 Occubat
446 1399 465 1478 ¹,
488 1405 544 1457 aut
567 1417 668 1480 parvo
691 1395 768 1458 llois
792 1394 847 1458 ubi
872 1395 999 1458 moenia
1021 1394 1135 1459 Rheno

287 1501 459 1588 Neptunus
483 1510 570 1566 secat
594 1512 624 1565 et
649 1501 789 1565 mediam
812 1524 916 1587 vagus
941 1500 1034 1565 alluit
1057 1501 1203 1567 urbemt

288 1609 422 1672 Divitiis
446 1630 612 1695 nunquam
636 1608 741 1671 bonus
764 1609 991 1695 impensaeque
1014 1610 1188 1696 perpercit:

287 1714 423 1779 Talibus
446 1715 577 1779 auxiliis
601 1725 632 1778 et
655 1714 880 1779 defensoribus
902 1716 973 1780 istis

290 1823 371 1886 Esse
394 1845 474 1908 opus
498 1824 532 1885 in
555 1831 645 1886 tanto
667 1822 744 1888 fidei
767 1823 955 1888 discrimine
978 1823 1069 1887 vidit.

377 1930 516 2013 Amisso,
541 1928 659 2011 infelix,
684 1928 849 2013 Gamram,
873 1929 1030 2016 Sarmata,
1054 1930 1138 2016 luge.

290 2035 437 2100 Iustitiae
461 2046 603 2100 assertor
626 2037 782 2123 iustisque
806 2037 839 2100 in
863 2036 975 2100 litibus
999 2059 1083 2122 acer,

288 2142 491 2228 Pauperibus
515 2166 641 2229 semper
663 2144 726 2207 fuit
748 2153 779 2208 et
802 2143 1018 2231 locupletibus
1042 2144 1137 2209 idern.

288 2249 342 2313 Nil
366 2272 469 2335 genus
493 2249 581 2314 huuc
605 2251 681 2314 iusti
705 2261 761 2314 aut
784 2273 937 2314 nummus
962 2251 1099 2316 violator
1121 2262 1153 2317 et
1177 2252 1277 2339 aequi,

288 2356 362 2420 Non
386 2357 588 2442 importunae
612 2356 764 2421 lacrimae
788 2380 918 2422 movere
940 2380 1103 2444 precesve,

290 2464 460 2527 Humanas
485 2486 539 2527 seu
565 2486 647 2549 quae
669 2463 801 2528 turbant
825 2464 899 2528 odia
923 2487 1036 2551 aspera
1059 2476 1197 2531 mantes:

289 2570 395 2635 Reddi
419 2572 536 2657 cuique
560 2595 654 2635 suum
678 2571 788 2655 voluit,
813 2595 877 2636 non
904 2572 1031 2637 laedere
1055 2595 1262 2660 quamquam3

290 2677 365 2741 Vox
389 2678 458 2741 cius
481 2677 534 2741 lex
557 2679 634 2742 viva
658 2679 719 2742 fuit
742 2679 873 2765 litisque
895 2690 1063 2765 protervae

290 2784 391 2869 Finis,
415 2807 563 2871 supremo
587 2795 751 2872 tamquam
775 2809 836 2850 vox
861 2786 948 2850 edita
971 2786 1069 2851 caelo.

379 2893 518 2976 Amisso,
540 2892 665 2976 infelix,
688 2891 852 2977 Garnrato,
878 2893 1034 2977 Sarmata,
1057 2894 1143 2980 luge.

208 3043 213 3057 .
248 3050 255 3062 ,
288 2999 368 3063 Eius
392 2997 488 3085 plena
511 3000 589 3063 viris
613 3000 740 3085 magnis
764 2999 892 3081 domus,
916 3002 1020 3065 omnis
1044 2999 1084 3066 ab
1109 3001 1167 3066 illa

290 3106 451 3172 Sarmatia
474 3116 504 3171 et
528 3108 638 3171 vicina
661 3107 794 3171 colens³
817 3130 971 3194 responsa
993 3108 1135 3195 petebat:

290 3213 352 3279 Seu
378 3236 475 3299 quem
498 3236 591 3278 sacra
615 3214 678 3278 Dei
706 3213 843 3279 dubium
866 3216 988 3280 ritusve
1011 3225 1159 3280 tenerent

290 3320 358 3384 Noc
383 3320 465 3384 bene
489 3332 563 3384 nota
586 3331 700 3408 patens
724 3321 812 3385 caelo
835 3322 898 3406 via,
923 3323 992 3387 sive
1014 3321 1168 3388 molestae

291 3427 436 3490 Invitum
459 3427 531 3492 lites
556 3428 625 3492 fora
649 3428 691 3491 ad
714 3429 899 3516 importuna
921 3427 1101 3495 trahebant.

252 3585 258 3597 .
289 3534 460 3597 Astrorum
485 3536 683 3600 consultores
707 3536 820 3623 procul
842 3536 919 3601 inde
942 3537 1079 3624 profani,

292 3640 334 3703 Et
358 3642 414 3727 qui
438 3642 594 3706 consultis
617 3643 829 3708 mendacibus
853 3644 993 3709 abstinet
1017 3645 1122 3730 astris,

291 3748 403 3833 Digna
425 3750 487 3835 piis
512 3749 619 3814 studia
642 3760 673 3814 et
696 3750 851 3836 religiono
875 3750 1031 3816 colebat⁴.

379 3857 518 3942 Amisso,
542 3857 666 3942 infelix,
690 3856 854 3944 Gamrato,
879 3858 1036 3945 Sarmata,
1058 3858 1144 3946 luge.

289 3960 409 4027 Omnia
433 3985 489 4048 pro
513 3963 649 4048 Christo,
673 3964 793 4028 fuerint
816 3987 1040 4053 quaecumque
1062 3966 1194 4053 pericla,

293 4257 300 4285 ¹
321 4257 471 4309 Patavium.

294 4345 303 4374 ²
321 4348 477 4398 Bononiam.

293 4435 303 4463 ²¹
322 4437 421 4487 Darius
440 4439 611 4489 substantiva
631 4440 655 4488 vi
675 4449 841 4506 usurpatum.

293 4526 302 4554 ⁴
325 4529 359 4577 lli
380 4535 432 4579 tres
453 4527 539 4579 ultimi
559 4546 650 4580 versas
671 4531 765 4580 mendo
784 4532 898 4597 quodam
918 4532 1050 4584 laborant.
