3016 5310
170 482 214 549 54
646 498 721 532 rsrm
744 497 830 531 sovzu

171 569 441 578 ———-—---.
454 568 656 575 --------
674 568 743 573 -——
754 566 1306 576 -—.-—---..--—-—-—-—-——.

172 581 497 590 ...—...-—-—--.—.-..
523 581 610 587 ---—-
619 581 628 587 .
650 582 697 587 ..—
756 581 816 587 --.-
827 581 831 585 .
840 582 889 587 .—
902 580 1304 590 --..---.-.-.--.

274 694 473 759 Immensum
495 692 581 758 hano
605 693 718 756 mundi
742 691 859 757 molem
881 702 913 757 et
936 692 1101 758 volventia
1123 695 1233 760 saecla

276 802 358 865 Esse
382 800 462 864 deus
487 800 563 865 feeit
587 811 667 864 nutu
692 810 923 886 aeternumque
945 801 1065 887 vigere,
1089 839 1133 849 -

170 930 240 974 evo.
276 908 346 975 Stat
370 906 450 971 nihil
475 907 591 972 artifici
615 908 687 970 visu
712 905 860 971 mirabile
884 907 999 972 dextre

274 1015 430 1098 Ductum‚
453 1016 594 1078 immune
617 1013 761 1099 horrens⁷
786 1016 893 1101 speeie
916 1016 995 1099 sine,
1018 1017 1149 1081 nomine
1174 1040 1309 1103 oussum,

271 1121 432 1186 Mundum
457 1121 541 1184 ultra
565 1121 709 1209 coelique
732 1122 812 1205 vies,
836 1122 905 1186 sine
929 1122 1004 1187 sede
1027 1122 1171 1210 loooque

275 1228 341 1293 Ora
364 1229 428 1292 Dei
452 1229 576 1293 eiroum
601 1228 737 1292 alituum
761 1252 864 1314 genus
888 1228 1016 1294 aethere
1039 1253 1167 1295 summo

274 1335 463 1399 Demissum
486 1335 609 1421 pernici
634 1334 686 1398 ala
709 1334 809 1416 volut3
833 1358 932 1400 aurea
954 1335 1065 1422 pubes,

170 1463 239 1506 ers.
273 1441 380 1506 Dulee
404 1465 531 1525 sonans,
554 1442 700 1506 tremulis
725 1442 888 1506 mulcebat
911 1442 1062 1508 euntibus
1087 1466 1194 1511 auras.

271 1548 359 1613 Vera
381 1550 445 1613 Dei
469 1549 570 1614 facies
593 1550 733 1613 Lituano
757 1551 888 1635 eognite
909 1549 1043 1615 tandem
1067 1561 1125 1616 est.

363 1657 428 1721 Hie
452 1679 578 1743 quoque
601 1679 732 1721 eernere
755 1667 832 1742 erat,
856 1656 907 1720 dis
932 1667 966 1721 ut
987 1657 1200 1745 Semugittie¹
1220 1659 1311 1724 falsis

272 1763 424 1848 Consilio
447 1763 578 1849 Iagello,
600 1774 656 1828 tuo
680 1765 868 1850 monituque
890 1764 1013 1831 reliotis

271 1870 416 1935 Numina
439 1893 516 1935 vere
539 1870 615 1935 oolit
627 1876 647 1955 ²,
669 1871 767 1935 finem
791 1894 874 1957 quae
897 1873 1017 1957 neseis,
1040 1896 1187 1961 quaeque

168 1999 238 2042 eso.
272 1977 391 2042 Nescia
414 1978 620 2064 principium,
644 1987 810 2043 aeternum
833 1980 1013 2066 vivuntque
1035 1980 1221 2067 vigentque,

271 2085 417 2149 Maxima
440 2107 524 2168 quae
547 2094 578 2149 et
601 2107 709 2149 rerum
732 2095 856 2171 magno
874 2085 1083 2150 dominentur
1105 2086 1256 2176 Olympo

359 2190 450 2255 Bella
473 2190 632 2256 exhaustu
655 2193 739 2257 inter
762 2204 987 2280 pugnatasque
1007 2193 1121 2257 ordine
1143 2217 1270 2282 pugnas

271 2297 409 2363 Cernere
433 2308 510 2381 erut,
535 2299 615 2364 duro
637 2300 816 2365 Prutenum
841 2311 876 2364 ut
899 2301 1002 2365 Marte
1025 2300 1228 2387 profundet³

270 2404 393 2490 Iegello
416 2404 581 2492 multaque
604 2417 750 2472 cruentet
774 2417 881 2493 struge
905 2406 1080 2494 superbum
1091 2412 1111 2471 ⁴.

167 2531 238 2575 eet.
273 2511 365 2575 Milia
388 2512 491 2576 multe
513 2514 620 2577 virum
641 2513 756 2579 mediis
780 2514 972 2579 occumbere
995 2515 1120 2600 eampis

271 2619 432 2682 Visuntur
455 2621 644 2684 miserorum
668 2622 842 2708 excisaque
866 2644 1000 2708 ool-pora
1023 2622 1110 2686 ferro

272 2725 469 2790 Semianimis
492 2727 621 2791 obvolvi
644 2739 675 2792 et
698 2738 817 2793 terram
842 2729 972 2793 foedere
995 2751 1118 2794 eruore.

269 2833 436 2920 Apparent
460 2835 533 2898 fuso
556 2836 698 2901 Pruteno
721 2837 867 2922 ingentia
889 2836 1043 2923 plaustra,

270 2940 413 3004 Demens
438 2962 521 3024 quae
545 2941 684 3007 adduxit
705 2941 812 3030 longis
835 2953 967 3007 onerata
990 2944 1123 3028 eatenis,

169 3066 238 3110 seo.
273 3046 421 3111 Vinoiret
444 3059 554 3135 osptos
578 3061 722 3115 extremo
746 3061 781 3114 ut
804 3051 908 3115 Marte
931 3050 1078 3115 Polonos.

273 3154 434 3219 Prutenus
458 3179 517 3220 suu
540 3156 650 3221 vinela
673 3159 771 3222 miser
793 3157 958 3241 durasque
981 3167 1113 3222 oetenes

273 3260 430 3347 Captivus
453 3265 558 3347 sentit,
583 3274 667 3329 sorte
689 3264 878 3351 indignatus
902 3264 1032 3347 aoerba3

273 3366 392 3433 Omnia
414 3369 538 3434 turbari
562 3372 637 3434 fatis
661 3371 768 3458 eluget
792 3373 920 3459 iniquis.

361 3475 538 3541 Oreooviue
560 3476 637 3542 hine
659 3480 762 3564 surgit
785 3478 901 3544 mediis
925 3481 959 3543 in
982 3479 1151 3545 moenibus
1175 3480 1265 3545 urbis

167 3602 238 3645 ses.
273 3582 411 3647 Teetum
434 3584 569 3670 insigne,
593 3586 717 3671 ingens,
740 3586 840 3650 laetos
865 3587 920 3650 ubi
945 3586 1094 3652 Samnata
1115 3588 1218 3674 pubes

272 3689 393 3776 Exiget
415 3691 449 3754 in
474 3691 589 3755 studiis
614 3715 715 3757 annos
738 3693 940 3780 viridemque
962 3695 1138 3780 iuventam,

271 3794 335 3862 Seu
358 3797 448 3862 iuvat
472 3799 671 3885 argolicam⁵
697 3801 820 3887 patriae
843 3801 1031 3887 linguamve
1052 3800 1190 3867 latinum

271 4028 280 4057 ¹
299 4031 358 4081 Lib.
378 4032 455 4081 Corn.
476 4031 681 4096 „Samogittiu“.

270 4115 281 4146 ’
299 4119 392 4169 Potius
413 4119 527 4182 ‚‚colat“.

270 4206 280 4235 ⁸
299 4210 361 4261 llus.
382 4209 564 4274 „profundit“.
594 4211 670 4263 Conl.
690 4228 731 4263 vv.
752 4211 812 4271 236,
832 4211 893 4275 239,
912 4209 974 4272 240,
994 4209 1054 4264 284.

267 4296 279 4326 ⁴
298 4297 479 4350 Geleberrima
491 4299 539 4350 illu
553 4316 643 4366 pugna
656 4299 690 4350 ad
704 4301 850 4351 Grunwald
864 4309 891 4351 et
902 4303 1082 4370 Tennenberg
1095 4304 1246 4355 commisse.

269 4383 374 4438 ‘Haeo
398 4390 481 4439 verbu
506 4388 664 4439 documento
689 4398 753 4440 sunt
776 4406 801 4441 a.
827 4387 904 4453 1543,
930 4406 1015 4456 neque
1042 4398 1099 4442 tum
1124 4393 1239 4457 primum
1258 4392 1302 4445 sed

159 4477 213 4528 iam
233 4475 295 4527 inde
314 4492 331 4527 a
348 4477 468 4544 longiore
487 4479 613 4545 temporis
627 4479 723 4546 spatio,
743 4495 853 4549 graecu
867 4478 972 4535 litteras
986 4487 1119 4536 metm·
1131 4496 1191 4536 mo
1203 4483 1232 4534 in
1245 4497 1304 4537 m·

160 4565 248 4621 demis
267 4566 441 4619 cracoviensi.
