3016 5310
372 475 496 520 'irisroars
516 482 643 520 resanius
663 483 689 518 rs
709 485 760 519 itm.
780 482 930 519 stersuuuor
951 484 967 519 1.

204 680 298 744 Iusta
322 678 430 742 ferunt
451 678 548 742 finem
586 718 616 723 —
639 700 758 762 magno
782 676 869 741 eadit
892 686 967 741 ante
990 677 1145 742 feretrum

207 787 344 873 Impete:
368 786 462 849 fusus
484 784 575 848 humi
599 794 781 871 praesentat
806 784 921 849 funera
945 786 1043 870 regis3

207 892 290 958 Inde
312 892 417 957 bonus
441 891 567 977 galeam
591 892 697 977 gentis
721 890 761 956 de
785 913 874 955 more
897 902 1063 978 paternam

206 1001 377 1086 Augustus
400 1000 477 1062 iaeit
501 1011 575 1063 ante
599 1021 671 1063 anis
695 998 907 1083 iaeiendoque
929 998 1055 1085 plangit

149 1131 170 1171 r.
208 1108 380 1171 Extremas
404 1104 511 1169 obitus
535 1117 565 1170 et
589 1107 656 1168 oari
681 1106 796 1169 funera
819 1107 929 1191 patris

207 1214 344 1282 Soutum
367 1213 420 1276 hie
444 1215 478 1276 in
502 1223 628 1296 terram,
650 1212 796 1297 gladium
821 1214 897 1277 iaoit
920 1213 975 1277 ille
998 1235 1178 1298 eornseum,

209 1323 356 1407 Longam
380 1319 463 1383 alius
486 1319 613 1404 magnis
639 1319 787 1404 infringit
811 1320 935 1384 viribus
958 1320 1094 1406 hastam,

207 1428 296 1512 Tela,
320 1425 438 1512 quibus
461 1425 624 1512 qnondam
648 1424 771 1489 medios
795 1426 947 1490 tendebat
972 1429 1005 1490 in
1028 1426 1135 1492 hostes

206 1535 313 1598 Marte
337 1532 567 1619 Sigismnndus
591 1531 670 1595 felix
694 1543 725 1595 et
749 1534 911 1596 maximus
935 1535 1041 1596 armis.

302 1640 366 1704 Hie
390 1663 466 1703 mox
489 1638 606 1703 deinde
630 1638 747 1702 sudes¹
773 1639 866 1704 aulae
889 1639 1015 1725 fregere
1039 1640 1194 1725 magistri,

208 1748 349 1835 Imperio
372 1747 462 1811 velut
486 1747 617 1810 amisse:
642 1769 706 1809 non
730 1746 843 1810 ordine
866 1757 953 1810 certo

208 1856 261 1921 Ire
285 1854 397 1919 iubere
420 1853 566 1917 homines
591 1852 796 1936 famulasque
820 1852 970 1918 incedere
992 1853 1105 1917 turbas

203 1950 297 2027 'Dein
320 1962 389 2025 fore
411 1961 462 2023 ius
486 1959 559 2023 illis.
592 1959 694 2022 Simul
720 1959 772 2022 lrie
795 1970 826 2023 et
849 1959 982 2046 publiea
1005 1961 1099 2047 signa

209 2070 421 2155 Franguntur
443 2067 592 2153 ferroque
615 2068 759 2131 exseissa
783 2066 903 2131 recedit
927 2067 1034 2153 imago

149 2201 174 2240 ·.
209 2175 342 2262 Regalis
365 2197 520 2261 gemmae,
546 2196 609 2256 qua
634 2196 691 2237 rex
716 2173 869 2237 mandata
893 2173 1015 2238 solebat

210 2282 347 2370 Signare
371 2292 401 2347 et
426 2281 554 2367 penitus
578 2279 740 2344 subiectas
764 2280 883 2345 cudere
908 2304 1007 2346 aeras.

300 2391 363 2455 Hie
388 2412 455 2474 rex,
481 2390 651 2453 restituens
675 2400 840 2474 tamquam
863 2400 948 2453 retro
971 2390 1088 2475 omnia,
1112 2391 1204 2476 regni

209 2498 377 2565 Vexillum
401 2497 568 2583 imprimis,
591 2496 677 2582 (quod
702 2519 828 2559 summa
851 2497 998 2583 infigitur
1019 2497 1121 2582 hasta,

208 2604 346 2671 Extollit
369 2617 454 2668 terra
479 2603 664 2689 mediasque
688 2603 833 2667 extendit
856 2605 890 2667 in
915 2627 1009 2668 auras

167 2764 174 2777 .
209 2713 358 2778 Victores
383 2713 516 2797 signans
540 2733 706 2797 superesse
729 2721 759 2773 et
785 2709 897 2774 robora
922 2709 1007 2793 belli,

210 2819 312 2905 Signa
334 2818 410 2884 elim
434 2831 465 2881 et
489 2819 612 2905 possint
636 2818 690 2902 qui
715 2818 842 2900 inferre,
866 2828 897 2881 et
921 2817 1052 2882 tendere
1076 2816 1191 2882 dextra

211 2926 358 3010 Fortiter,
383 2936 413 2989 et
437 2926 549 3010 patriis
574 2923 734 3009 depellere
757 2924 876 2988 finibus
900 2923 1032 2988 hostem.

210 3032 347 3099 Sustulit
371 3043 402 3096 et
426 3042 589 3118 seeptrum
613 3032 768 3115 regnique
792 3031 934 3114 insignia
956 3041 1041 3094 terra

209 3139 332 3222 Cetera,
355 3162 438 3226 quae
462 3138 576 3202 dextra
600 3137 747 3224 patribus
771 3137 846 3202 dein
870 3138 1003 3224 porrigit
1030 3136 1121 3219 ultro,

149 3269 175 3312 ·.
210 3247 250 3311 In
273 3270 307 3311 se
331 3257 415 3309 strue
439 3247 536 3310 sit-um
561 3247 693 3331 signans
717 3245 785 3329 tibi,
810 3245 966 3329 Sarmata,
990 3267 1136 3330 regnum,

210 3355 306 3418 Patre
331 3353 540 3438 Sigismunde
564 3375 628 3416 non
652 3353 811 3417 interiisse
835 3363 1007 3440 perempto.

207 3460 319 3526 Restat
343 3460 451 3526 adhue
475 3461 563 3545 alter,
588 3459 666 3523 solio
690 3461 746 3546 qui
770 3460 888 3524 insidat
912 3462 945 3524 in
969 3460 1034 3524 alto

211 3568 254 3632 Et
276 3568 410 3655 populos
434 3567 567 3654 posthae
591 3568 775 3631 moderetur
795 3567 922 3653 legibus
947 3569 1068 3652 aequis.

211 3675 318 3761 Atque
342 3675 407 3738 alia
429 3675 483 3739 hie
508 3677 597 3760 regni
621 3676 742 3760 profert
766 3697 824 3740 rex
847 3675 977 3762 publiea
1002 3676 1103 3761 signa.

150 3804 177 3846 o.
210 3783 359 3847 Perrexit
383 3805 500 3865 magno
524 3782 667 3848 Samueli
691 3781 780 3867 haee,
803 3782 860 3846 illa
883 3781 971 3846 fideli

211 3889 279 3953 Dat
301 3888 452 3974 Grebiae,
477 3890 548 3954 viee
572 3891 626 3975 qui
651 3889 811 3955 Samuelis
835 3913 952 3953 munus
975 3888 1113 3969 obiret23

211 3996 292 4061 Inde
316 3996 413 4061 sudes
437 3997 517 4060 alias
541 3997 634 4061 aulae
657 3995 794 4061 retulere
818 3997 972 4082 magistri.

215 4104 277 4169 Hie
300 4105 396 4168 linem
421 4106 546 4191 aeeepit
571 4106 655 4189 regis
677 4104 878 4169 laerimabile
902 4104 1000 4168 funus

215 4373 221 4401 ¹
242 4373 378 4438 Scipiones
398 4373 454 4422 sive
475 4372 565 4422 clavos
584 4371 721 4437 (bulawy).

216 4460 224 4490 ²
245 4465 309 4513 Erat
329 4463 397 4513 enim
419 4465 442 4513 S.
466 4462 646 4527 llaeiejousld
669 4470 722 4511 tum
743 4460 928 4521 cancellarius,
949 4461 1075 4513 Nieolnus
1088 4463 1188 4515 Grebia
1209 4464 1245 4516 vi·

149 4555 314 4607 :sacellarius
334 4555 418 4621 regni.
