3016 5310
221 705 269 747 aa.
354 680 499 768 Singula,
523 679 602 744 dant
625 688 748 744 sertum
770 679 892 743 vertice
916 678 1000 744 ferre
1023 683 1151 745 suum¹.

300 790 420 854 Nostro
441 788 476 851 in
501 786 659 873 supplicio
682 795 759 850 sunt
781 787 869 850 aussi
892 784 1028 851 illudere
1051 788 1170 852 nostris

356 895 484 981 Iusque,
508 893 593 980 quod
617 895 651 957 in
675 916 733 957 nos
757 903 814 977 est,
838 893 967 958 demere
989 895 1190 981 praepositis,

303 1002 450 1082 Quorum
474 1011 550 1085 erat,
573 1000 662 1065 haud
685 999 869 1065 dantiscani
892 1000 1008 1086 punire
1031 1011 1171 1087 senatus,

356 1108 391 1175 Si
414 1108 501 1196 quod
524 1107 679 1172 delictam
703 1106 839 1194 culpave
863 1117 973 1172 nostra
996 1107 1067 1172 fuit.

214 1238 267 1281 as.
299 1216 371 1282 Nec
395 1225 538 1303 teneram
561 1223 698 1279 aetatem
721 1236 803 1299 gens
825 1223 874 1278 est
896 1215 1048 1279 miserata
1070 1213 1223 1279 duorum:

352 1321 409 1388 Nil
432 1321 547 1386 horum
570 1320 704 1385 humani
728 1343 825 1386 saeva
848 1321 998 1409 tyrannis
1020 1320 1127 1386 habet.

299 1430 396 1495 Flore
419 1431 491 1494 aevi
514 1430 619 1515 primo
642 1451 718 1491 nam
742 1427 826 1492 eolla
850 1427 968 1494 dedere
991 1429 1107 1514 securi,

351 1536 434 1616 Quis
457 1536 561 1622 potuit
585 1535 728 1599 senticae
751 1557 855 1622 poena
879 1534 980 1599 fuisse
1003 1536 1091 1600 satis.

296 1644 451 1721 Crimina,
475 1665 556 1729 quae
580 1641 646 1706 dici
668 1642 726 1706 vix
749 1652 885 1728 possunt
908 1643 1055 1726 cnnnna,
1078 1643 1201 1707 ferrum

215 1775 262 1817 so.
345 1750 510 1834 Vindicat,
535 1760 682 1814 auctores
705 1770 766 1813 nec
790 1749 867 1813 sinit
890 1772 959 1814 esse
982 1748 1048 1812 diu.

298 1858 464 1944 Impunita
486 1866 618 1920 manent
640 1856 791 1920 Dantisei
816 1866 932 1940 cetera,
955 1878 1036 1942 quae
1061 1865 1136 1920 sunt

350 1964 426 2028 Ullo
449 1964 483 2027 in
507 1963 678 2028 barbarice
701 1964 761 2028 vix
783 1962 918 2027 tolerata
942 1961 1016 2026 selo.

300 2072 386 2156 „Dat
409 2073 538 2135 veniam
563 2072 677 2155 corvis,
700 2079 799 2135 vexat
823 2092 961 2133 censura
984 2067 1215 2134 columbas“:²

347 2179 506 2242 Dantiseo
530 2176 674 2241 oraclum
697 2200 762 2240 vox
786 2174 953 2241 Iuvenalis
975 2184 1053 2240 erat.

207 2306 259 2349 as.
291 2285 423 2351 Crimen
448 2283 597 2348 adulterii
621 2294 653 2348 et
676 2284 822 2348 temerati
846 2283 965 2346 iniuria
989 2281 1065 2346 lecti

348 2390 555 2457 Consuetudo
578 2390 658 2455 facit
681 2390 882 2454 cottidiana³
904 2389 977 2454 leve

294 2500 402 2585 Atque
425 2508 512 2562 metu
535 2519 689 2578 vaeuum3
712 2507 837 2561 tanturn
864 2520 928 2561 non
951 2497 1095 2583 praemia
1118 2496 1270 2565 moechus

346 2605 486 2691 Accipit,
509 2614 545 2668 ut
567 2605 669 2691 possit
691 2627 761 2669 esse
784 2610 925 2689 negata4
948 2605 1047 2690 queri.

295 2710 443 2776 Polluere
467 2713 589 2776 incesto
613 2734 646 2774 se
670 2733 806 2797 arasque
829 2711 1002 2775 excindere
1025 2712 1151 2776 Divum

210 2842 256 2883 to.
343 2818 433 2883 Aede
457 2819 600 2904 expilata
624 2840 687 2881 nou
711 2840 813 2899 grave
837 2820 960 2882 crimen
983 2818 1112 2883 habent.

292 2925 501 3012 Arbitrioqae
525 2948 583 2989 sno
607 2925 734 3011 templis
758 2927 922 3010 imponere
946 2948 1067 2989 morem

345 3032 491 3119 Quisque
516 3032 577 3096 sibi
601 3043 633 3097 et
655 3031 758 3116 lt¹gem
784 3033 869 3097 ferre
892 3032 990 3096 licere
1015 3043 1115 3118 pultat.

291 3140 365 3204 Non
390 3139 539 3226 Babylon
562 3149 609 3202 tot
632 3162 666 3203 se
689 3141 723 3202 in
746 3139 876 3223 linguas
899 3139 1055 3204 diviserat
1078 3141 1163 3227 olim,

344 3245 431 3325 Quot
455 3258 543 3310 seeta
566 3256 614 3310 est
638 3247 733 3310 sectis
759 3246 836 3311 urbs
860 3270 898 3311 ea
922 3247 1138 3312 monstrificis.

208 3376 255 3419 ts.
290 3353 429 3439 Unaque
452 3363 517 3417 tam
542 3354 651 3417 varios
674 3353 752 3417 dum
777 3354 935 3418 claudunt
958 3355 1085 3419 moenia
1108 3355 1198 3442 ritus,

344 3461 472 3546 Hieque
496 3462 563 3524 suis
586 3460 683 3524 Divis
706 3471 759 3523 tus
783 3461 839 3525 (lat
862 3471 893 3524 et
916 3461 971 3526 ille
995 3463 1071 3526 suis.

288 3566 407 3632 Nullus
431 3567 533 3631 honor
557 3569 672 3648 sacris3
696 3568 772 3632 colit
795 3567 858 3653 hie,
881 3592 963 3655 quae
987 3568 1124 3655 despieit
1146 3568 1214 3634 ille:

340 3675 379 3738 In
404 3696 507 3739 eavea
530 3674 657 3739 clausas
681 3674 804 3739 dixeris
827 3700 897 3740 esse
920 3675 1016 3741 feras,

292 3836 297 3864 ¹
318 3838 429 3903 Singula
448 3856 483 3887 se.
504 3839 601 3902 capita.
629 3840 751 3886 Ceterum
778 3839 846 3887 ratio
865 3839 1042 3903 grammatica
1062 3839 1145 3904 erigit
1164 3839 1220 3889 lere
1239 3839 1318 3891 haec:

180 3927 261 3989 „dant
280 3944 300 3976 s.
322 3928 389 3976 ferro
409 3927 503 3992 cuique
523 3930 625 3976 sunm‘.

286 4013 296 4043 ¹
318 4016 408 4065 iuven.
428 4024 478 4066 sut.
499 4018 533 4078 11,
552 4015 594 4067 63.

285 4102 295 4133 ⁸
316 4105 462 4155 Emendavi
482 4105 642 4155 dubitanter.
668 4108 725 4156 tiss.
746 4107 865 4156 exhibet:
886 4107 992 4156 Crimen
1012 4106 1173 4156 adulterium
1191 4114 1218 4158 et
1236 4112 1318 4158 tome-

169 4195 229 4244 ·rati
248 4194 350 4243 iniuria
367 4195 431 4245 lecti
450 4198 527 4261 eet.“,
547 4209 626 4245 eorm:
649 4211 701 4258 „ea
722 4195 846 4245 adulterii
855 4233 918 4246 .....
938 4196 1134 4247 consuetudine
1153 4195 1184 4245 fit
1196 4213 1219 4248 c.
1232 4197 1318 4249 leve“.

178 4284 302 4334 Ceterum
324 4283 502 4346 „cottidiana”
523 4291 667 4347 usurpatur
686 4284 778 4334 eadem
804 4285 964 4349 quantitate,
989 4300 1043 4349 qua
1068 4285 1139 4349 apud
1158 4285 1255 4336 Catull.
1274 4283 1318 4350 68,

168 4370 241 4429 ’139,
261 4387 323 4421 nam
345 4373 424 4438 vulgo
437 4373 551 4437 primam
563 4374 679 4436 brevem,
699 4375 843 4423 seeundum
857 4374 965 4438 longam
978 4373 1067 4424 habet.
1086 4375 1219 4437 „Iniurir'a“
1232 4375 1319 4427 tribus

176 4461 292 4525 syllabis
312 4462 545 4526 pronuntiandum.

282 4549 293 4577 ⁴
315 4550 372 4601 scil.
391 4552 519 4616 praemia.
