2948 5302
751 445 830 481 nm
847 444 937 480 lom

386 645 539 710 Audaces
559 641 768 725 meditantur,
790 650 932 727 euntque
953 639 989 703 in
1012 638 1160 704 carmina
1181 660 1310 727 pronae

386 753 446 837 Tu,
469 790 513 800 —
537 750 659 836 coeptis
681 749 788 835 impar
810 746 952 812 calamos
975 769 1069 812 meus
1090 756 1187 832 urget
1208 743 1331 833 Apollo,
1350 779 1384 790 -

307 881 353 923 11.
385 859 546 945 Aspicies,
569 857 746 942 faveasque
768 854 858 939 meis,
882 853 999 920 Comes
1021 851 1142 938 inclite,
1166 852 1288 940 coeptis

387 963 585 1031 Grandibus.
616 961 646 1027 Ο
668 961 765 1026 liceat
788 982 921 1026 cursum
942 969 1127 1046 metamque
1148 968 1261 1025 tenere

387 1073 429 1136 Et
452 1080 599 1135 nostrum
620 1068 706 1134 laeto
729 1090 846 1133 canere
869 1066 946 1131 olim
969 1067 1114 1132 carmine
1137 1065 1290 1150 saeelum,

388 1178 490 1245 Cuius
512 1186 549 1241 tu
572 1197 647 1263 pars
671 1196 799 1260 magna,
821 1173 948 1258 0111111,
970 1195 1046 1260 pars
1068 1195 1189 1260 magna
1211 1171 1334 1260 legeris.

473 1369 603 1455 Primus
627 1388 757 1453 Elisaeo
769 1392 788 1472 ¹,
811 1386 972 1452 deductus
995 1387 1155 1473 sanguine
1178 1384 1316 1472 Lsehus,

305 1519 353 1563 20.
384 1497 520 1581 Psarim‚
543 1496 778 1584 praecipitique
800 1503 948 1558 ruentem
971 1492 1105 1557 flumine
1128 1492 1281 1580 Oropum,

388 1605 568 1687 Antiquam
591 1603 741 1690 patriam7
765 1600 919 1667 Slavonia
941 1622 1051 1686 regna,
1074 1599 1207 1664 Polonis

387 1710 485 1776 Unde
507 1732 611 1796 genus
635 1708 772 1774 ductum
794 1707 923 1795 populis
945 1717 977 1772 et
1000 1707 1099 1793 origo,
1122 1705 1317 1795 relinquens,

388 1818 479 1881 Arva
501 1818 600 1880 intrat
623 1838 730 1881 vacua
753 1825 785 1880 et
808 1814 919 1879 densis
940 1813 1006 1879 late
1028 1813 1161 1879 horrida
1183 1812 1285 1899 silvis,

387 1923 499 2008 Vasta,
522 1916 696 2010 profunda,
718 1920 889 2006 horrenda,
911 1930 1042 1986 11111111
1065 1919 1195 2008 spelaea
1217 1920 1363 1985 ferarum

307 2049 355 2093 as.
388 2029 542 2116 Explorat
565 2030 630 2095 late
653 2040 689 2094 ut
713 2030 870 2116 spatiosos
893 2051 1033 2115 sequere
1055 2050 1197 2114 campos,

390 2137 477 2201 Ecce
500 2137 597 2222 Iovis,
620 2137 763 2223 primum
786 2158 890 2219 omen,
913 2158 990 2200 aves
1014 2134 1104 2200 caelo
1127 2134 1244 2221 aspicit
1267 2133 1330 2199 alto

387 2244 587 2331 Praecipites
610 2244 698 2328 ferri,
721 2242 900 2326 dulcesque
923 2244 1063 2307 revisere
1083 2242 1187 2326 nidos,

387 2349 556 2436 Pullisque
579 2349 704 2414 ablatas
728 2359 856 2436 portare
878 2347 1058 2413 immitibus
1081 2370 1173 2413 escas

389 2457 430 2520 Et
453 2479 585 2521 nemora
608 2457 734 2542 ingenti
758 2455 911 2542 clangore
932 2456 1057 2542 replere
1079 2453 1251 2542 profunda

306 2583 354 2626 es.
387 2562 504 2628 Omine
526 2563 631 2628 iaetus
654 2586 699 2648 eo,
723 2602 767 2610 -
790 2586 945 2649 magnum
968 2562 1160 2649 portendere
1181 2584 1321 2649 regnum

387 2670 504 2733 Visum
528 2693 632 2755 omen,
655 2708 699 2717 —
722 2691 841 2755 magno
863 2669 1023 2756 regnandi
1046 2691 1205 2735 accensus
1228 2690 1337 2734 amore

388 2775 511 2840 Urbem
535 2776 694 2863 designat,
723 2776 821 2840 ducto
844 2785 875 2841 et
898 2776 1030 2840 molitur
1053 2785 1159 2840 aratro

387 2883 515 2946 Moenia
538 2884 644 2970 prima
666 2883 759 2948 lacus
781 2882 847 2948 late
870 2883 1051 2969 stagnantis
1074 2881 1117 2947 ad
1140 2880 1272 2947 undem

389 2991 430 3054 Et
454 2989 622 3055 Gneznam
645 2999 741 3054 vocat
765 2991 845 3054 aerii
868 2990 909 3054 de
931 2991 1062 3056 nomine
1085 2989 1163 3075 nidi,

305 3118 352 3160 11.
386 3096 490 3176 Quem
516 3097 614 3183 vulgo
639 3096 808 3161 arboribus
832 3098 939 3184 posuit
962 3097 1050 3162 Iovis
1073 3096 1140 3162 ales
1163 3097 1199 3160 in
1222 3096 1311 3179 altis3

389 3242 429 3251 -
451 3203 558 3266 Nidus
583 3205 669 3267 enim
691 3205 808 3289 priscis
831 3212 879 3268 est
903 3203 1010 3269 dictus
1033 3201 1173 3290 gniando
1195 3202 1338 3289 Polonis,

389 3311 479 3373 Haec
503 3321 534 3372 ct
559 3320 666 3374 servat
690 3310 798 3375 adhuc
821 3311 936 3375 saeclis
959 3321 1006 3375 tot
1029 3310 1183 3376 euntibus
1205 3319 1305 3396 aetas,
1329 3350 1373 3357 —

387 3416 604 3499 Lechitusque
629 3439 687 3479 111
711 3417 795 3480 dixit
818 3417 859 3482 de
882 3419 1012 3483 nomine
1035 3426 1156 3504 gentes.

388 3522 459 3586 Hoc
482 3523 582 3608 prisci
605 3523 769 3608 quondam
792 3547 910 3589 nomen
934 3546 1063 3611 gessere
1085 3524 1210 3608 Poloni,

386 3787 445 3837 lIn
464 3796 540 3838 msto.
562 3789 682 3848 „Primus
702 3790 842 3854 Elysseo“.
874 3790 999 3855 Sequitur
1023 3790 1073 3840 hoc
1098 3789 1157 3840 loco
1183 3789 1300 3854 Roysius
1326 3791 1452 3842 ramam

278 3894 295 3928 1
315 3877 455 3928 Vincentio
482 3877 625 3929 sttubek
651 3878 837 3943 Diugossoque
863 3878 1003 3942 traditam,
1031 3894 1085 3945 qus
1111 3877 1217 3930 Lachne
1245 3877 1455 3946 Lechitaequb

279 3967 350 4016 sicut
369 3967 451 4016 ceteri
470 3966 543 4016 slavi
563 3968 597 4017 ab
618 3968 720 4030 Hatita,
740 3968 834 4018 lasani
855 3968 916 4032 filio,
943 3969 1029 4034 Iapeti
1053 3976 1158 4033 nepote,
1183 3967 1235 4018 orti
1256 3984 1317 4020 esse
1337 3970 1451 4038 ferun‘

278 4062 329 4105 tur.
350 4054 469 4104 Lesbum
488 4072 519 4105 ex
539 4055 666 4106 Slavonia
685 4058 742 4108 sive
762 4058 878 4119 Oroatia,
898 4058 1016 4107 eiusdem
1037 4065 1124 4108 terrae
1137 4064 1221 4122 parte,
1241 4057 1269 4106 in
1288 4057 1455 4109 Potonisrn

277 4144 467 4209 commigrasse
486 4153 593 4210 praeter
612 4146 770 4196 Polouorum
791 4146 1018 4212 historiographos
1038 4147 1119 4197 etiam
1139 4149 1242 4197 Aeneas
1259 4145 1362 4196 Silvius
1377 4156 1450 4198 tra‘

276 4231 352 4282 didit.
373 4234 448 4283 Cous.
469 4234 589 4284 Cromeri
608 4237 648 4284 Dc
668 4238 747 4286 rebus
769 4235 927 4284 Polonorum
946 4236 991 4286 lib.
1010 4237 1022 4285 1
1042 4252 1099 4301 cap.
1120 4233 1311 4300 21111111
1336 4243 1446 4286 tamen

277 4321 423 4387 Crspinam
441 4330 468 4372 et
487 4325 590 4383 Psaros,
610 4324 752 4375 Slavoniae
773 4324 878 4388 oppida,
898 4325 980 4374 bechi
993 4325 1109 4389 patriam
1122 4331 1268 4389 nuncupat.
1287 4323 1356 4375 Inde
1370 4321 1439 4374 veri

277 4409 431 4474 similasse,
452 4412 570 4461 Cromeri
590 4412 711 4477 historia,
737 4412 812 4462 cuius
832 4413 918 4477 prima
937 4414 1018 4464 editio
1038 4412 1136 4478 prodiit
1154 4428 1171 4462 1
1190 4410 1269 4477 1555,
1294 4414 1435 4478 Roycium

279 4513 355 4547 usum
375 4515 427 4551 non
446 4517 512 4564 esse,
531 4509 611 4570 atque
631 4509 693 4552 ente
712 4501 784 4551 hunc
803 4516 904 4552 annum
922 4518 1030 4553 carmen
1048 4502 1099 4552 hoc
1112 4501 1260 4569 scripsisse.
