3016 5310
811 431 889 465 PETRI
907 431 995 465 BOl'le

602 910 868 974 Gratulatur
898 911 1071 972 domum
1102 910 1198 991 regi

678 1049 695 1084 a
714 1033 918 1085 Godanensibus
932 1048 1092 1085 >concessam
1100 1031 1117 1084 ¹.

435 1160 556 1223 Martia
578 1180 666 1224 nona
687 1157 757 1223 dies
781 1167 913 1223 eentum
935 1156 1008 1245 plus
1032 1155 1141 1224 attulit
1163 1157 1271 1223 annis:

487 1268 574 1352 Fert,
597 1275 685 1331 aetas
707 1264 848 1330 hominis
866 1263 958 1352 -quod
980 1274 1088 1351 negat,
1110 1262 1168 1330 illa
1190 1262 1269 1331 dies.

434 1374 622 1459 Augustum
645 1373 805 1458 Augusto,
828 1370 915 1457 quod
938 1370 1030 1437 tollat
1054 1370 1097 1437 ad
1119 1368 1259 1455 aethera„
1281 1381 1406 1437 tactum

486 1477 687 1544 Matlaviae²
710 1478 752 1542 ad
775 1479 862 1566 ripas
886 1478 995 1543 nobile
1017 1477 1074 1543 dat
1097 1475 1280 1544 Godanum.

372 1607 404 1650 s.
435 1586 647 1672 Burgrabius,
670 1584 844 1672 proconsul
868 1584 961 1650 adest
983 1583 1150 1672 lectusque
1173 1593 1319 1667 senatus3

486 1693 696 1779 Assensuque
720 1691 874 1779 frequens
898 1691 1088 1779 comprobat
1112 1690 1192 1756 urdo
1215 1713 1283 1757 suo.

434 1799 624 1886 Suscipiunt
645 1800 738 1884 regni
761 1821 922 1886 proceres.
952 1799 1165 1884 Oarnoovius,
1184 1807 1237 1864 est
1259 1797 1314 1865 oui

487 1907 565 1971 Post
587 1905 703 1990 Divos,
726 1906 814 1991 regis
838 1906 987 1993 proxima
1011 1928 1091 1971 cura
1114 1906 1174 1990 sni,

433 2012 577 2096 Praesul,
600 2035 665 2099 quo
688 2011 803 2077 melior
827 2034 937 2077 sacras
960 2012 1048 2077 haud
1072 2013 1180 2098 attigit
1203 2034 1287 2099 aras,

346 2142 399 2183 so.
485 2120 549 2185 Seu
573 2119 661 2184 vitae
683 2118 841 2206 exemplo,
866 2141 923 2184 seu
945 2119 1065 2207 pietate
1088 2118 1180 2185 velis.

434 2225 516 2290 Inde
540 2224 727 2292 Siraeovius
750 2226 868 2313 pietate
891 2227 944 2291 vir
965 2225 1100 2292 inolitus
1124 2226 1220 2310 omni,

487 2333 647 2420 Antiquos
670 2334 757 2400 inter
781 2334 893 2399 vivere
916 2333 1036 2420 dignus
1059 2355 1147 2399 avos

435 2439 508 2504 Non
531 2439 586 2504 hic
609 2439 738 2505 Kostka
762 2441 860 2526 deest,
884 2442 993 2506 animo
1016 2440 1166 2506 sublimis
1190 2451 1222 2505 ot
1245 2461 1331 2525 acer,

486 2546 618 2632 Ingenti
641 2548 676 2612 in
699 2569 810 2633 regem
833 2547 1000 2634 praeditus
1021 2547 1078 2613 ille
1101 2546 1174 2612 fide.

352 2673 399 2716 rs.
433 2653 498 2717 Hie
523 2652 662 2717 Firleius
686 2648 787 2738 adest,
811 2655 932 2719 virtute
953 2654 1094 2741 insignis
1117 2664 1149 2720 et
1170 2653 1270 2739 ausis,

487 2761 576 2824 Laus
599 2759 855 2826 Dambrovieiae
878 2761 967 2825 fama
991 2761 1155 2848 decusque
1177 2783 1265 2827 suae.

434 2865 499 2931 Hic
523 2889 649 2953 quoque
673 2868 899 2956 Wyssoeius⁸,
922 2890 998 2956 pars
1019 2889 1087 2935 non
1109 2877 1274 2955 postrema
1293 2879 1431 2951 senatus,

487 2973 600 3039 Cultor
622 2975 764 3039 iustitiae
787 2985 819 3039 et
842 2974 1017 3062 religionis,
1040 2985 1117 3041 erat.

433 3079 542 3166 thue
565 3083 728 3167 peroravit
752 3082 884 3168 placido
906 3082 1109 3149 Garncovius
1132 3105 1196 3168 ore,

349 3208 397 3250 so.
482 3186 598 3273 Regali
622 3211 790 3275 apprensu,
813 3212 897 3275 quae
920 3200 984 3254 stat
1007 3189 1050 3255 ad
1073 3199 1170 3275 astra
1191 3189 1299 3276 doaso,

433 3292 612 3360 Teutonica
634 3294 716 3360 haec
739 3297 855 3382 repetit
877 3296 991 3383 lingua
1012 3297 1198 3363 Gescavius
1220 3296 1334 3382 abbas,

486 3400 526 3465 ln
550 3402 644 3466 errius
667 3401 768 3466 labris
791 3402 903 3469 Suada
927 3402 1048 3468 diserta
1070 3403 1173 3469 sedet:

437 3509 605 3594 „Augusto
629 3519 785 3594 augustas
809 3521 941 3597 patrum
963 3510 1043 3575 ordo
1064 3509 1120 3576 liic
1144 3512 1282 3599 suscipit
1304 3512 1407 3596 aedes,

484 3615 627 3700 Augusti
650 3626 827 3701 augustum
852 3627 978 3682 crescat
1001 3626 1036 3681 ut
1057 3617 1264 3705 imperium&

433 3853 441 3882 ¹
461 3856 537 3905 Corn.
559 3855 611 3909 182
630 3874 669 3923 sq.
689 3881 712 3901 =
738 3875 787 3909 oss.
803 3859 838 3911 53
851 3876 889 3924 sq.
909 3859 1016 3911 Titulus
1035 3859 1080 3912 hic
1092 3859 1240 3926 posteriore
1255 3876 1340 3913 manu
1352 3862 1456 3928 adscrip-

325 3948 367 3992 tus
387 3950 427 3993 est
446 3945 472 3992 iu
492 3961 539 3994 ms.
559 3962 609 3996 oss.
630 3947 803 3998 Condiciones
822 3949 896 4013 pacis
918 3955 1080 4014 acceperunt
1101 3948 1275 4001 Getis-nenses
1291 3967 1310 4002 a
1322 3948 1455 4006 eamcorio

325 4030 415 4095 regiae
435 4031 577 4097 legationis
596 4036 733 4099 praefecto
753 4050 777 4086 a.
799 4035 875 4088 1570.

433 4118 443 4145 ¹
462 4121 542 4171 Hunc
560 4123 671 4172 fluvium
690 4138 751 4175 curn
770 4124 878 4174 Vistula
896 4139 981 4189 aquas
1000 4140 1062 4176 suas
1081 4126 1239 4178 miscentem
1257 4126 1387 4182 Germani
1398 4138 1456 4181 nuuc

324 4207 447 4265 llottlau,
466 4209 560 4260 Poloni
580 4212 662 4261 etiam
681 4212 837 4263 lloltawam
858 4212 958 4265 dicunt.

432 4295 585 4362 ³Firleius,
610 4301 774 4351 castellanus
800 4304 980 4354 cracoviensis
1005 4311 1032 4356 et
1061 4305 1216 4370 Wyssocius
1236 4304 1455 4359 successeruntiu

324 4384 412 4435 locum
431 4386 515 4436 Olssii
534 4394 560 4439 et
579 4390 736 4454 Sacroviuii‚
756 4392 800 4456 qui
820 4393 902 4457 priori
922 4394 1050 4459 legationi
1070 4395 1259 4447 interfuerunt.
