3016 5310
181 468 225 532 10
655 484 731 518 rsrnr
752 484 839 519 norzu

602 555 715 561 ..-...-...
735 555 744 561 .
765 556 798 561 -.
979 542 1332 565 .....—.———.-J

187 699 256 743 reo.
288 678 401 744 Fratre
424 678 503 741 furit
526 678 618 743 miles
642 678 849 765 fraternaque
873 679 1020 745 vindicat.
1043 679 1130 745 ultor

289 787 419 851 Funera
442 796 473 850 ot
496 785 689 849 incumbens
713 785 816 849 multa
840 808 919 851 neco
943 788 1045 851 saevo
1068 789 1102 851 in
1125 787 1259 875 hostem,

288 892 434 957 Vulnera
456 891 646 956 vulneribus
670 894 839 978 geminans
865 902 961 979 atque
984 893 1104 958 ictibus
1124 895 1220 980 ictus,

290 999 360 1063 Nee
384 1021 417 1064 se
441 999 571 1085 explere
595 1010 706 1085 potest.
731 999 809 1063 dnm
834 1000 966 1086 spiritus
990 1000 1126 1065 artubus
1150 1001 1238 1067 nllus

287 1105 430 1192 Palpitut
452 1116 483 1170 ot
507 1116 628 1170 motare
651 1107 792 1169 animam
815 1106 905 1170 videt
927 1118 1020 1171 eruta
1042 1106 1204 1173 membra:

188 1234 257 1277 195.
289 1212 442 1277 Praesulo
466 1234 529 1276 non
554 1212 647 1276 aliter
668 1224 740 1277 trux
765 1234 824 1277 rex
848 1236 882 1278 se
905 1215 1005 1298 gessit
1029 1215 1062 1277 in
1086 1215 1166 1301 ipso.

290 1319 382 1382 Trux
405 1319 518 1403 magis,
541 1317 613 1402 heu,
637 1319 728 1382 dirus
752 1321 865 1405 magis,
887 1318 960 1404 hen,
984 1320 1190 1386 truculentus
1213 1332 1244 1386 et
1265 1321 1323 1405 ille,

290 1424 455 1489 Barbarus
479 1425 533 1489 ille
558 1426 675 1511 magis:
699 1436 812 1509 sectos,
837 1437 871 1490 ut
896 1449 929 1491 so
953 1426 1091 1513 expleat,
1116 1440 1207 1493 artus

290 1532 564 1618 Discerptumque
588 1532 729 1596 cadaver
752 1554 867 1618 agrum
890 1534 1012 1598 iactare
1034 1556 1093 1621 per
1116 1556 1245 1600 omnem

291 1638 433 1724 Imperat
457 1639 658 1725 alituumque
681 1662 788 1702 oseam
813 1639 902 1705 iubet
926 1663 996 1705 esse
1020 1640 1191 1707 serrarum.

186 1767 257 1811 200.
377 1748 421 1809 At
444 1747 535 1809 Deus
559 1746 760 1832 omnipotens
784 1746 873 1811 eaelo
899 1747 1028 1812 demisit
1051 1746 1092 1812 ab
1117 1747 1184 1813 alto

292 1852 467 1917 Terribiles
489 1854 601 1915 rostris
625 1853 749 1939 aquilas
774 1864 869 1939 atque
893 1854 1059 1940 unguibus
1082 1855 1187 1940 uncis,

291 1958 460 2042 Quattuor,
484 1982 501 2022 u
526 1959 659 2023 totidem
682 1959 763 2023 caeli
787 1982 870 2046 cluso
892 1960 1039 2046 partibus
1062 1972 1153 2024 artus

291 2064 455 2128 Alitibus¹
481 2076 608 2131 servent
634 2066 739 2129 avidis
762 2077 792 2131 et
813 2064 942 2130 vulture
964 2066 1066 2153 pulso.

291 2172 372 2236 Visa
396 2195 521 2258 quoquo
545 2175 578 2236 in
603 2184 729 2237 noctem
753 2173 859 2237 medio
883 2174 940 2237 fax
963 2173 1074 2239 lueida
1098 2173 1198 2260 caulo,

189 2298 260 2342 sou.
292 2278 385 2357 Quae
408 2302 556 2365 sparsum
579 2279 716 2343 illustret
741 2291 899 2345 nocturno
921 2279 1071 2367 lampado
1095 2302 1223 2367 eorpus.

292 2386 365 2464 Quo
388 2398 531 2449 monstro
554 2388 681 2450 attoniti
705 2388 801 2471 uires,
825 2410 924 2474 quum
948 2398 1076 2474 postera
1099 2388 1243 2475 primum

292 2491 421 2555 Tithoni
446 2513 597 2557 croceum
620 2492 770 2579 linquens
793 2496 921 2557 Aurora
945 2493 1076 2558 eubile²

292 2598 423 2661 Effulsit
446 2600 549 2683 terris,
573 2599 723 2664 oolleotos
747 2601 890 2686 undique
913 2600 1030 2665 tollunt

291 2705 558 2792 Componuntque
582 2718 671 2770 artus
696 2730 761 2771 una
777 2707 990 2794 ³conduntque
1014 2708 1140 2772 feretro

186 2832 256 2875 aro.
289 2811 353 2876 Hio
376 2813 481 2875 maius
506 2815 658 2898 sequitur,
682 2813 764 2876 vidit
787 2813 871 2899 quod
896 2814 986 2877 nulla
1009 2824 1156 2879 vetustas

292 2918 494 3003 Prodigium:
520 2921 624 2984 coiere
647 2930 736 2983 artus
759 2958 802 2967 —
827 2921 973 2985 mirabile
997 2920 1086 2984 dictu
1112 2958 1156 2969 —

291 3024 395 3112 Inque
419 3025 526 3090 abiere
550 3050 642 3090 suam
667 3026 756 3090 nullo
780 3038 914 3108 cogente
937 3028 1084 3113 figuram.

289 3132 400 3195 Prima
423 3133 506 3197 redit
529 3134 630 3198 facies
655 3134 814 3219 Superum
837 3133 883 3213 vi3
908 3133 998 3198 nulla
1018 3135 1167 3218 cicatrix,

290 3239 362 3302 Non
388 3238 472 3302 ullae
495 3239 609 3325 plagae
633 3249 834 3303 manserunt:
858 3241 967 3305 vivore
990 3239 1090 3323 diuae,

185 3365 256 3408 215.
289 3344 424 3430 Frigida
448 3347 481 3408 ni
505 3347 630 3431 rigeant
654 3347 785 3409 immoto
809 3368 941 3432 eorpore
965 3345 1119 3411 membra.

290 3452 442 3515 Protinus
466 3453 577 3516 audita
600 3476 634 3517 ro
657 3464 862 3538 monstroque
886 3454 994 3517 exeita
1016 3463 1106 3517 tanto

289 3558 496 3623 Circumfusa
519 3561 583 3624 ruit
606 3560 670 3623 lato
693 3560 850 3624 Craoovia
873 3570 948 3644 tota,

291 3665 332 3729 Et
356 3667 447 3749 civis,
470 3666 636 3751 Casimire,
659 3678 734 3729 tnus
758 3666 928 3751 studioque
951 3665 1083 3730 videndi

291 3772 364 3836 Hur
391 3774 495 3836 omnis
517 3773 656 3859 populus
679 3773 852 3858 vicinaque
876 3772 1008 3836 confluit
1031 3794 1096 3836 ora.

186 3898 257 3942 220.
289 3878 449 3942 Mirantur
472 3881 586 3943 coiisse
610 3891 699 3943 artus
723 3878 915 3964 diversaque
938 3879 1092 3963 membra,

291 3983 382 4063 Quae
407 4008 510 4072 nuper
533 3986 668 4050 disiecta
692 4008 786 4072 agros
812 3985 923 4050 videre
945 4008 1002 4073 per
1026 3986 1106 4050 illos.

289 4092 481 4176 Agnoscunt
506 4104 646 4157 retorem
672 4084 796 4157 faeiem·
813 4092 987 4178 divamque
1010 4094 1150 4179 figuram

289 4197 520 4286 Pontificisque
544 4201 593 4264 sui
618 4199 736 4284 vultus,
761 4200 788 4263 si
811 4200 879 4263 vita
902 4212 1058 4284 mnneret‚

293 4444 299 4473 ¹
321 4448 441 4513 Utraque
461 4447 550 4499 editio:
572 4451 608 4509 „A
630 4448 747 4500 litibur“.

290 4532 397 4603 'Vera
418 4538 513 4603 Georg.
533 4537 555 4601 1,
574 4535 635 4604 4473
655 4542 720 4590 Aen.
741 4540 786 4603 lv,
806 4536 868 4604 5853
887 4538 934 4603 IX,
953 4536 1014 4591 ⁴60.
