3016 5310
507 457 542 491 nt:
561 457 727 493 namucum
746 459 833 494 uolo.

296 650 395 715 Haud
420 652 606 715 meminisse
628 652 722 716 iuvat
745 651 837 717 dubii
862 651 1049 739 spectacula
1073 653 1195 736 martis,

205 756 318 824 Gratis
341 779 399 844 pro
422 756 570 845 hospitiis
594 759 744 845 Augusto
767 782 849 845 quae
873 758 960 824 edita
983 768 1102 844 nostra

129 886 169 930 ts.
205 864 283 929 Alta
306 864 487 929 borussiaci
511 864 606 930 modo
631 867 758 930 moenia
782 877 1031 931 consternarunt

205 971 376 1058 Principis,
399 981 431 1035 et
454 973 540 1035 tristi
564 972 738 1037 turbarunt
762 973 875 1038 funere
897 983 1036 1059 gentem.

204 1077 378 1143 Tormenta
401 1078 469 1165 pila
491 1080 577 1144 iacta
600 1078 693 1144 brevi
717 1080 797 1145 dum
820 1080 968 1166 pervolat
991 1103 1098 1164 auras,

204 1185 308 1250 Leuto
331 1183 473 1271 impulsa
496 1185 572 1270 igni,
597 1195 752 1272 concepto
775 1186 864 1250 haud
888 1186 1014 1251 sulfure
1037 1196 1112 1263 tote,

205 1291 382 1375 Incertum,
406 1291 460 1355 eui
483 1290 556 1355 dira
579 1313 693 1356 necem
716 1303 909 1378 noctemque
932 1315 1117 1379 supremam

161 1448 169 1462 .
205 1397 288 1462 Fata
311 1408 426 1485 parent
449 1409 480 1462 et
504 1420 562 1483 pro
586 1399 679 1462 laetis
703 1399 780 1463 dent
804 1399 920 1464 funera
944 1398 1032 1463 ludis

206 1504 328 1569 Tristia
350 1505 607 1592 praecipitesque
630 1504 747 1569 obitus.
771 1506 918 1591 Namque
943 1507 1072 1591 agmine
1095 1505 1196 1570 denso

205 1610 305 1675 Haud
328 1612 433 1698 potuit
455 1610 550 1698 glans
574 1634 632 1698 per
653 1611 778 1676 medias
801 1613 935 1676 innoxia
955 1625 1080 1677 turmas

205 1716 375 1801 Decidere‚
399 1719 524 1804 ingenti
548 1727 656 1783 rueret
679 1718 756 1783 lieet
780 1730 853 1783 acta
878 1719 1017 1805 fragore.

207 1825 272 1890 Hic
296 1847 354 1889 rex
378 1827 557 1911 Augustus,
581 1827 651 1911 regi
674 1825 743 1890 dux
766 1827 934 1912 proximus
958 1827 1032 1890 istic·

161 1981 169 1996 .
206 1930 363 1996 Albertus
388 1932 518 1996 stabant
542 1933 574 1995 in
598 1933 707 2018 equis3
731 1933 850 1998 densae
875 1933 1017 2020 undique
1041 1942 1167 1998 turmae

205 2037 391 2125 Implebant
416 2037 480 2103 late
504 2061 665 2125 campum,
690 2039 757 2103 fata
780 2051 812 2103 et
835 2064 895 2104 sua
918 2041 1055 2126 quisquc

208 2143 372 2209 Horrebat
395 2144 570 2231 trepidans
595 2145 732 2210 Tonitru
756 2168 816 2211 ceu
839 2147 970 2233 quando
994 2169 1130 2211 corusco

205 2250 353 2338 Iuppiter
376 2274 418 2315 ex
442 2250 507 2316 alto
531 2262 634 2315 terras
657 2253 840 2318 tremefecit
863 2253 1013 2342 Olympo,

205 2357 358 2444 Irataque
381 2381 480 2422 manu
504 2359 604 2422 rubra
626 2357 762 2424 libravit
785 2361 826 2424 ab
850 2360 962 2425 aethra

161 2513 169 2528 .
204 2463 360 2529 Fulmen:
387 2476 450 2528 stat
474 2464 611 2552 populus
636 2467 705 2530 sine
729 2476 835 2531 mente
858 2469 1032 2532 exterritus
1056 2468 1162 2533 omnis

205 2570 457 2657 Exsanguisquo
481 2573 606 2635 animos
630 2584 763 2658 quassat
786 2596 906 2660 pavor3
930 2574 971 2638 ab
994 2575 1073 2639 Iove
1098 2598 1167 2640 sese

204 2677 351 2764 Quisque
373 2679 439 2764 peti
463 2690 555 2764 putat
578 2688 610 2742 et
632 2681 813 2764 praesentia
839 2681 905 2743 fata
930 2682 1079 2745 timescit.

206 2785 328 2849 Ferrea
350 2784 445 2868 glans
470 2786 584 2870 ingens
608 2785 809 2850 descendens
833 2787 974 2873 pondere
998 2811 1125 2874 magne.

206 2891 374 2956 Fumifero
399 2893 575 2956 commixta
599 2893 668 2978 igni
693 2905 724 2956 et
749 2892 889 2979 caligine
913 2916 1020 2978 caeca,

163 3049 170 3061 .
205 2998 237 3062 It
261 2998 350 3063 caelo
375 3021 433 3063 ceu
459 2999 544 3063 nube
568 2998 672 3063 latens
696 3022 756 3064 nec
780 3001 925 3064 cernitur
950 3000 1016 3064 ulli.

205 3104 367 3169 Horresco
392 3128 574 3169 memorans
598 3118 764 3192 terrorque
789 3131 808 3170 a
832 3108 976 3171 carmine
1000 3120 1139 3172 mentem

206 3212 351 3277 Avertit:
378 3234 532 3299 praeceps
556 3224 650 3298 rupto
675 3215 741 3276 ruit
765 3213 901 3289 aethera
925 3215 1081 3300 iuxtaque

206 3320 393 3405 Augustum
418 3320 570 3404 armigeri
597 3320 672 3383 ferit
696 3333 803 3406 caput.
826 3332 857 3384 et
880 3342 960 3385 nece
979 3319 1081 3407 pilum

206 3425 363 3490 Excussit
386 3427 546 3510 manibus
569 3426 655 3512 quod
679 3426 757 3490 hero
782 3428 879 3491 miser
903 3426 958 3491 ille
983 3426 1107 3491 ferebat

162 3583 169 3596 .
205 3532 429 3619 Nequicquam
455 3535 612 3618 Augusto.
637 3532 785 3619 fuditque
811 3557 868 3620 per
891 3556 971 3597 arva
995 3533 1164 3597 cerebrum
1177 3538 1196 3597 ¹.

204 3639 374 3703 Avertisse
398 3640 486 3703 Deos
511 3641 654 3725 Augusti
678 3663 696 3703 a
721 3663 854 3727 corpore
879 3663 991 3705 casum

204 3744 416 3829 Crediderim,
440 3746 635 3830 glundcmve
660 3770 758 3811 manu
783 3749 925 3812 tenuisse
949 3746 1118 3812 cadentem

203 3851 390 3935 Letiferam,
414 3853 492 3916 dum
518 3865 631 3918 vectus
655 3877 736 3940 equo
761 3854 949 3939 procederet
973 3855 1070 3918 struis.

205 3960 347 4044 Augusti
370 3959 430 4024 hoc
455 3960 557 4045 pietas
581 3973 612 4024 et
636 3960 764 4025 laedere
787 3962 897 4025 nescia
922 3969 1058 4046 sceptra,

129 4086 168 4129 tt.
205 4066 277 4129 Hoc
300 4066 409 4153 populi
435 4090 581 4132 meruere
605 4090 724 4155 preces,
749 4067 965 4152 reducemque
989 4067 1106 4132 dedere

204 4172 315 4237 Unum
340 4173 424 4238 inter
449 4196 540 4258 reges
564 4174 687 4262 pyliam
713 4196 865 4260 superare
890 4185 1053 4238 senectam

206 4333 356 4399 ¹Armiger
382 4343 438 4384 erat
467 4335 569 4394 ,Kniad
597 4334 820 4385 tt'iiniowiecki“.
861 4337 1021 4400 lten1‚quae
1049 4335 1148 4386 accidit
1168 4350 1239 4385 anno

130 4430 157 4472 tc
181 4421 273 4489 (1552)
292 4424 325 4472 ad
346 4425 559 4489 Regiomontium
585 4426 613 4474 in
639 4425 752 4489 hospitio
778 4425 892 4484 alberti,
918 4425 1041 4473 l'russiae
1068 4425 1151 4479 ducis,
1178 4424 1238 4473 fusa

129 4519 187 4562 πεῖ
206 4510 321 4562 Gonicki
342 4513 445 4577 (Dziejc
466 4531 488 4561 w
509 4514 627 4569 koronic,
648 4514 737 4563 Sarrok
758 4512 836 4576 1855,
857 4529 899 4578 pg.
919 4511 955 4563 39
974 4525 1023 4575 sq.)
