2948 5302
154 541 321 550 ———-

185 667 295 734 Siceat
319 665 426 731 adhue
449 665 625 730 lacrimans
648 667 704 754 qui
728 668 848 730 amissa
871 667 995 732 lumina
1019 679 1096 733 nata
1105 671 1127 745 ¹,

186 773 281 852 Quae
307 794 426 858 magno
449 771 604 858 luctuque
627 784 682 837 tue
705 772 859 860 luctuque
882 784 1011 838 tuorum

187 882 377 965 Augustum
400 901 505 965 nuper
526 880 675 944 viduavit
699 891 792 966 rapta
815 879 936 959 cubile3

145 1041 150 1048 .
191 985 268 1052 Sive
293 985 343 1049 bis
367 985 555 1050 Henrious2
578 987 736 1072 superatis
759 986 866 1072 liliger
889 987 963 1051 altis

188 1092 353 1178 Alpibus⁸
375 1102 503 1156 orantes
526 1093 614 1156 misit
636 1103 693 1157 tua
716 1116 817 1179 regna
839 1095 998 1176 revisens3

187 1200 254 1262 Aut
278 1209 369 1285 pater
392 1197 447 1263 ille
470 1198 636 1263 hominum
659 1211 827 1286 terraeque
850 1223 1001 1287 suprema
1023 1210 1174 1287 potestas,

186 1304 400 1391 Omnipotens
424 1305 516 1370 laxas
539 1308 593 1371 cui
617 1307 720 1371 Roma
743 1306 799 1370 dat
822 1306 909 1372 erbis
931 1307 1085 1392 habenas,

187 1412 284 1476 Forte
306 1412 459 1498 galeratis
482 1414 570 1478 misit
594 1414 635 1478 de
657 1414 804 1500 patribus
829 1437 939 1498 unum,

140 1569 146 1583 .
185 1519 257 1583 Iras
281 1530 423 1583 exacuat
446 1521 502 1606 qui
526 1520 692 1606 religionis
716 1522 750 1585 in
773 1521 907 1606 hostem,

186 1626 230 1690 Et
253 1626 375 1691 ferrum
399 1637 553 1714 exposcat
577 1628 700 1692 vindex
724 1651 902 1715 saevasque
924 1651 1062 1694 secures.

187 1731 281 1812 Quae
304 1755 459 1820 responsa
482 1734 584 1819 iubos,
607 1758 691 1822 quae
713 1737 763 1799 vis
785 1745 842 1799 tua
865 1736 954 1800 dieta
977 1744 1147 1821 reportent,

187 1837 373 1904 Addiseens
397 1862 475 1905 aure
498 1841 628 1905 admota
652 1842 851 1928 paulumque
873 1853 1025 1925 moratus,

187 1945 412 2033 Attollensque
435 1948 545 2013 oculos
568 1958 654 2013 terra
676 1949 879 2036 frontemque
902 1949 1062 2032 deseram,

142 2103 149 2116 .
187 2053 233 2117 Ut
257 2076 317 2117 sua
339 2053 502 2118 facundus
526 2056 656 2120 Samuel
680 2067 758 2120 tune
781 2078 838 2121 ora
860 2055 1008 2121 resolvit!

187 2159 328 2224 Lacteus
351 2171 383 2225 et
405 2160 534 2247 placido
556 2163 652 2227 fluxit
675 2163 716 2226 de
739 2174 867 2249 pectore
891 2186 1005 2228 sermo

277 2266 364 2346 Quid
381 2291 563 2353 memorem,
587 2280 726 2356 quantus
744 2269 884 2355 Samuel,
908 2292 983 2334 curn
1006 2270 1078 2333 iura
1099 2269 1222 2356 petenti

185 2373 358 2438 Reddebas
380 2375 521 2461 populo?
544 2398 658 2441 caecas
682 2376 835 2441 discussit
858 2388 894 2440 ut
918 2376 972 2440 ille

186 2479 425 2567 Perplexasque
448 2483 510 2546 fori
534 2505 649 2547 causas
673 2495 704 2549 et
727 2485 834 2570 iurgia
857 2483 980 2568 dexter,

144 2637 151 2649 .
189 2585 285 2651 Certa
309 2589 426 2653 necin
450 2589 559 2653 dubiis
582 2588 676 2653 latuit
701 2592 860 2655 sententia
883 2588 996 2655 rebus!

187 2691 314 2779 Cuique
338 2717 434 2759 suum
457 2695 603 2760 tribuens
626 2719 766 2782 aequum
789 2696 944 2760 discrevit
967 2696 1086 2782 inique.

187 2799 261 2863 Non
284 2799 377 2864 illum
400 2802 562 2886 lacrimae,
587 2826 651 2866 non
675 2803 767 2867 illum
791 2825 886 2868 casus
910 2803 1016 2884 amici,

186 2905 260 2970 Non
284 2906 370 2971 ullae
392 2908 511 2973 flexere
534 2931 655 2995 preces,
679 2931 739 2974 nec
762 2910 884 2996 profuit
907 2908 965 2973 ulli

187 3015 278 3077 Auro
301 3036 434 3079 onerare
457 3038 573 3079 manua
597 3028 628 3080 et
650 3016 789 3101 grandia
812 3018 946 3102 iungere
969 3015 1062 3078 dona.

143 3169 150 3183 .
186 3119 261 3183 Non
284 3119 340 3183 illo
363 3122 464 3185 tristis
487 3121 636 3186 discessit
659 3123 767 3187 iudice
790 3143 913 3209 pauper

186 3226 254 3289 Aut
276 3227 379 3292 iustas
401 3228 487 3292 fudit
510 3229 673 3311 lacrimas,
697 3253 761 3294 nen
787 3239 956 3295 stemmata
979 3250 1138 3314 quemque

186 3333 255 3396 Aut
278 3335 391 3419 proavi
414 3337 526 3400 iuvere
548 3359 651 3421 genus
676 3337 726 3401 vel
751 3337 791 3402 ab
815 3337 943 3401 aethere
966 3335 1109 3399 duetum.

186 3440 229 3503 Et
253 3442 308 3526 qui
332 3465 373 3506 ex
396 3455 498 3507 matre
523 3466 634 3507 reeens
659 3445 691 3506 in
715 3444 773 3507 vili
798 3444 900 3529 vagiit
925 3443 1007 3529 alga,

187 3547 265 3611 Iura
288 3548 361 3612 tulit
385 3572 456 3625 sua3
481 3572 540 3614 nec
565 3551 631 3613 fors
655 3562 703 3615 est
726 3551 854 3614 diversa
878 3561 989 3615 secuta
1060 3630 1062 3634 7

143 3704 150 3716 .
186 3653 259 3717 Ima
282 3677 322 3719 ex
347 3656 440 3742 plebe
463 3659 579 3741 virum,
602 3657 764 3722 tumidum
787 3680 885 3744 quarn
908 3657 1004 3722 rebus
1028 3656 1134 3740 avitis,

187 3760 396 3826 Attollentem
421 3765 545 3828 animos
569 3776 599 3829 ot
623 3765 760 3851 grandia
784 3764 884 3828 verba
907 3775 1083 3828 sonantem.

278 3869 376 3934 Hune
399 3879 526 3935 tantum
550 3874 695 3936 amisisse
719 3873 836 3955 virum,
858 3894 917 3935 rex
940 3871 1059 3955 inclite,
1082 3871 1183 3958 luges

187 3976 296 4059 Auget
320 3988 359 4059 et,
383 3977 455 4061 heu,
480 3979 612 4063 luctum,
637 3979 722 4065 quod
747 4001 805 4043 neo
830 3979 1008 4043 similemve
1032 4001 1184 4064 panemve

190 4169 197 4197 ¹
217 4170 334 4231 Elisabe,
354 4189 422 4236 quae
441 4175 537 4222 coniux
558 4174 721 4239 Sigisrnundi
740 4176 854 4241 Augusti
875 4175 942 4226 obiit
960 4192 984 4225 a.
1007 4174 1082 4228 1545.

189 4257 198 4286 ¹
219 4260 352 4311 Henrieus
373 4263 397 4310 ll
419 4263 655 4327 Fruneogallorum
681 4281 725 4313 rex
751 4262 957 4330 (leit-1559),
986 4265 1030 4328 qui
1055 4264 1223 4330 gentilicium

140 4350 249 4398 saiorum
269 4350 383 4415 insigne,
404 4352 455 4400 trIa
475 4351 539 4415 lilia,
561 4354 693 4417 gestabat.

188 4436 416 4504 ⁸Expeditionsm
447 4443 481 4489 ab
511 4442 626 4489 Hsnrico
655 4442 681 4490 in
711 4441 817 4492 ltaliam
849 4450 999 4506 susceptam
1030 4442 1118 4507 tangit
1148 4441 1222 4506 (aute

144 4526 229 4591 5502).
