<?xml version="1.0" encoding="UTF-8"?>
<!DOCTYPE html PUBLIC "-//W3C//DTD XHTML 1.0 Transitional//EN"
    "http://www.w3.org/TR/xhtml1/DTD/xhtml1-transitional.dtd">
<html xmlns="http://www.w3.org/1999/xhtml" xml:lang="en" lang="en">
 <head>
  <title>
</title>
<meta http-equiv="Content-Type" content="text/html;charset=utf-8" />
  <meta name='ocr-system' content='tesseract 3.04.00' />
  <meta name='ocr-capabilities' content='ocr_page ocr_carea ocr_par ocr_line ocrx_word'/>
</head>
<body>
  <div class='ocr_page' id='page_1' title='image "./petriroyziimaur01morogoog_0258.png"; bbox 0 0 2948 5302; ppageno 0'>
   <div class='ocr_carea' id='block_1_1' title="bbox 364 469 958 507">
    <p class='ocr_par' dir='ltr' id='par_1_1' title="bbox 364 469 958 507">
     <span class='ocr_line' id='line_1_1' title="bbox 364 469 958 507; baseline -0.008 0"><span class='ocrx_word' id='word_1_1' title='bbox 364 471 487 507; x_wconf 77' lang='lat' dir='ltr'>nlsronu</span> <span class='ocrx_word' id='word_1_2' title='bbox 507 471 634 507; x_wconf 64' lang='lat' dir='ltr'>rurensis</span> <span class='ocrx_word' id='word_1_3' title='bbox 652 471 679 504; x_wconf 74' lang='lat' dir='ltr'>nt</span> <span class='ocrx_word' id='word_1_4' title='bbox 699 470 750 505; x_wconf 79' lang='lat'>01³.</span> <span class='ocrx_word' id='word_1_5' title='bbox 770 469 921 504; x_wconf 71' lang='lat' dir='ltr'>stclsnunm</span> <span class='ocrx_word' id='word_1_6' title='bbox 939 469 958 503; x_wconf 85' lang='lat'>1.</span> 
     </span>
    </p>
   </div>
   <div class='ocr_carea' id='block_1_2' title="bbox 212 538 1134 561">
    <p class='ocr_par' dir='ltr' id='par_1_2' title="bbox 212 538 1134 561">
     <span class='ocr_line' id='line_1_2' title="bbox 286 538 1134 548; baseline -0.004 0"><span class='ocrx_word' id='word_1_7' title='bbox 286 543 358 548; x_wconf 80' lang='grc'>...-</span> <span class='ocrx_word' id='word_1_8' title='bbox 407 541 546 548; x_wconf 79' lang='grc'><em>-....,</em></span> <span class='ocrx_word' id='word_1_9' title='bbox 696 541 699 545; x_wconf 93' lang='grc'><em>.</em></span> <span class='ocrx_word' id='word_1_10' title='bbox 751 538 998 545; x_wconf 71' lang='grc'>.--.-.--.--..</span> <span class='ocrx_word' id='word_1_11' title='bbox 1033 540 1134 546; x_wconf 79' lang='grc'><em>.........-</em></span> 
     </span>
     <span class='ocr_line' id='line_1_3' title="bbox 212 543 1068 561; baseline -0.006 1"><span class='ocrx_word' id='word_1_12' title='bbox 212 557 240 561; x_wconf 87' lang='grc'><strong>-</strong></span> <span class='ocrx_word' id='word_1_13' title='bbox 266 543 313 561; x_wconf 78' lang='grc'>“-.</span> <span class='ocrx_word' id='word_1_14' title='bbox 327 543 481 561; x_wconf 73' lang='grc' dir='ltr'>.-”Ξ.--</span> <span class='ocrx_word' id='word_1_15' title='bbox 496 554 501 559; x_wconf 93' lang='grc'><em>.</em></span> <span class='ocrx_word' id='word_1_16' title='bbox 522 551 992 559; x_wconf 78' lang='lat'>--.-—...——...—--.——</span> <span class='ocrx_word' id='word_1_17' title='bbox 1032 553 1068 557; x_wconf 83' lang='lat'><em>-</em></span> 
     </span>
    </p>
   </div>
   <div class='ocr_carea' id='block_1_3' title="bbox 197 664 1236 1072">
    <p class='ocr_par' dir='ltr' id='par_1_3' title="bbox 197 664 1236 860">
     <span class='ocr_line' id='line_1_4' title="bbox 197 664 1236 751; baseline -0.003 -19"><span class='ocrx_word' id='word_1_18' title='bbox 197 666 302 732; x_wconf 82' lang='lat' dir='ltr'>Crede</span> <span class='ocrx_word' id='word_1_19' title='bbox 325 688 445 750; x_wconf 77' lang='lat' dir='ltr'>umnec,</span> <span class='ocrx_word' id='word_1_20' title='bbox 467 675 500 730; x_wconf 94' lang='lat' dir='ltr'>te</span> <span class='ocrx_word' id='word_1_21' title='bbox 523 669 580 729; x_wconf 93' lang='lat' dir='ltr'>utl</span> <span class='ocrx_word' id='word_1_22' title='bbox 603 686 676 751; x_wconf 87' lang='lat' dir='ltr'>spes</span> <span class='ocrx_word' id='word_1_23' title='bbox 700 674 893 728; x_wconf 89' lang='lat' dir='ltr'>cunctorum</span> <span class='ocrx_word' id='word_1_24' title='bbox 916 673 963 728; x_wconf 86' lang='lat' dir='ltr'>est</span> <span class='ocrx_word' id='word_1_25' title='bbox 987 665 1092 728; x_wconf 84' lang='lat' dir='ltr'>omnis</span> <span class='ocrx_word' id='word_1_26' title='bbox 1109 664 1144 728; x_wconf 92' lang='lat' dir='ltr'>in</span> <span class='ocrx_word' id='word_1_27' title='bbox 1161 687 1236 729; x_wconf 89' lang='lat' dir='ltr'>uno.</span> 
     </span>
     <span class='ocr_line' id='line_1_5' title="bbox 198 773 1106 860; baseline -0.002 -23"><span class='ocrx_word' id='word_1_28' title='bbox 198 774 303 838; x_wconf 78' lang='lat' dir='ltr'>Dives</span> <span class='ocrx_word' id='word_1_29' title='bbox 327 796 403 860; x_wconf 92' lang='lat' dir='ltr'>opes</span> <span class='ocrx_word' id='word_1_30' title='bbox 426 794 605 859; x_wconf 85' lang='lat' dir='ltr'>gazamque</span> <span class='ocrx_word' id='word_1_31' title='bbox 628 793 729 855; x_wconf 80' lang='lat' dir='ltr'>suam,</span> <span class='ocrx_word' id='word_1_32' title='bbox 753 793 812 834; x_wconf 85' lang='lat' dir='ltr'>sua</span> <span class='ocrx_word' id='word_1_33' title='bbox 834 793 959 857; x_wconf 79' lang='lat' dir='ltr'>pauper</span> <span class='ocrx_word' id='word_1_34' title='bbox 981 784 1012 835; x_wconf 91' lang='lat' dir='ltr'>et</span> <span class='ocrx_word' id='word_1_35' title='bbox 1036 773 1106 857; x_wconf 81' lang='lat' dir='ltr'>ipsc</span> 
     </span>
    </p>

    <p class='ocr_par' dir='ltr' id='par_1_4' title="bbox 197 877 1236 1072">
     <span class='ocr_line' id='line_1_6' title="bbox 200 877 972 963; baseline -0.004 -20"><span class='ocrx_word' id='word_1_36' title='bbox 200 880 246 944; x_wconf 90' lang='lat' dir='ltr'>Tc</span> <span class='ocrx_word' id='word_1_37' title='bbox 270 879 404 945; x_wconf 87' lang='lat' dir='ltr'>custode</span> <span class='ocrx_word' id='word_1_38' title='bbox 427 890 514 943; x_wconf 88' lang='lat' dir='ltr'>tenet</span> <span class='ocrx_word' id='word_1_39' title='bbox 537 877 662 943; x_wconf 87' lang='lat' dir='ltr'>foribus</span> <span class='ocrx_word' id='word_1_40' title='bbox 686 899 819 943; x_wconf 88' lang='lat' dir='ltr'>securus</span> <span class='ocrx_word' id='word_1_41' title='bbox 844 878 972 963; x_wconf 88' lang='lat' dir='ltr'>apertis,</span> 
     </span>
     <span class='ocr_line' id='line_1_7' title="bbox 197 984 1236 1072; baseline -0.002 -22"><span class='ocrx_word' id='word_1_42' title='bbox 197 987 506 1072; x_wconf 87' lang='lat' dir='ltr'>Necquicquamque</span> <span class='ocrx_word' id='word_1_43' title='bbox 529 1008 662 1048; x_wconf 86' lang='lat' dir='ltr'>manum</span> <span class='ocrx_word' id='word_1_44' title='bbox 684 984 776 1072; x_wconf 84' lang='lat' dir='ltr'>plebs</span> <span class='ocrx_word' id='word_1_45' title='bbox 799 986 932 1049; x_wconf 82' lang='lat' dir='ltr'>extimet</span> <span class='ocrx_word' id='word_1_46' title='bbox 947 1007 1045 1070; x_wconf 84' lang='lat' dir='ltr'>aegra</span> <span class='ocrx_word' id='word_1_47' title='bbox 1061 995 1236 1071; x_wconf 90' lang='lat' dir='ltr'>potentum.</span> 
     </span>
    </p>
   </div>
   <div class='ocr_carea' id='block_1_4' title="bbox 159 1091 1097 1180">
    <p class='ocr_par' dir='ltr' id='par_1_5' title="bbox 159 1091 1097 1180">
     <span class='ocr_line' id='line_1_8' title="bbox 159 1091 1097 1180; baseline 0 -25"><span class='ocrx_word' id='word_1_48' title='bbox 159 1145 165 1156; x_wconf 94' lang='lat'>.</span> <span class='ocrx_word' id='word_1_49' title='bbox 201 1094 279 1156; x_wconf 88' lang='lat' dir='ltr'>Vim</span> <span class='ocrx_word' id='word_1_50' title='bbox 302 1095 498 1180; x_wconf 78' lang='lat' dir='ltr'>quicumque</span> <span class='ocrx_word' id='word_1_51' title='bbox 521 1092 653 1157; x_wconf 87' lang='lat' dir='ltr'>dolosve</span> <span class='ocrx_word' id='word_1_52' title='bbox 674 1091 777 1156; x_wconf 89' lang='lat' dir='ltr'>malos</span> <span class='ocrx_word' id='word_1_53' title='bbox 800 1102 856 1155; x_wconf 88' lang='lat' dir='ltr'>aut</span> <span class='ocrx_word' id='word_1_54' title='bbox 880 1103 987 1156; x_wconf 88' lang='lat' dir='ltr'>cetera</span> <span class='ocrx_word' id='word_1_55' title='bbox 1010 1093 1097 1177; x_wconf 85' lang='lat' dir='ltr'>passi</span> 
     </span>
    </p>
   </div>
   <div class='ocr_carea' id='block_1_5' title="bbox 200 1198 1199 1607">
    <p class='ocr_par' dir='ltr' id='par_1_6' title="bbox 200 1198 1107 1392">
     <span class='ocr_line' id='line_1_9' title="bbox 200 1198 1107 1285; baseline -0.002 -21"><span class='ocrx_word' id='word_1_56' title='bbox 200 1201 427 1284; x_wconf 69' lang='lat' dir='ltr'>Damnaturi,</span> <span class='ocrx_word' id='word_1_57' title='bbox 451 1222 470 1263; x_wconf 86' lang='lat' dir='ltr'>a</span> <span class='ocrx_word' id='word_1_58' title='bbox 492 1211 533 1284; x_wconf 87' lang='lat' dir='ltr'>te,</span> <span class='ocrx_word' id='word_1_59' title='bbox 556 1221 625 1282; x_wconf 84' lang='lat' dir='ltr'>rex,</span> <span class='ocrx_word' id='word_1_60' title='bbox 648 1222 713 1262; x_wconf 91' lang='lat' dir='ltr'>non</span> <span class='ocrx_word' id='word_1_61' title='bbox 737 1222 756 1262; x_wconf 90' lang='lat' dir='ltr'>a</span> <span class='ocrx_word' id='word_1_62' title='bbox 779 1198 905 1263; x_wconf 87' lang='lat' dir='ltr'>latrone</span> <span class='ocrx_word' id='word_1_63' title='bbox 927 1209 1107 1285; x_wconf 89' lang='lat' dir='ltr'>reposcant.</span> 
     </span>
     <span class='ocr_line' id='line_1_10' title="bbox 200 1305 1064 1392; baseline -0.006 -19"><span class='ocrx_word' id='word_1_64' title='bbox 200 1307 400 1373; x_wconf 80' lang='lat' dir='ltr'>Cunctorum</span> <span class='ocrx_word' id='word_1_65' title='bbox 423 1307 524 1371; x_wconf 90' lang='lat' dir='ltr'>tutela</span> <span class='ocrx_word' id='word_1_66' title='bbox 547 1319 604 1371; x_wconf 90' lang='lat' dir='ltr'>tua</span> <span class='ocrx_word' id='word_1_67' title='bbox 627 1317 684 1387; x_wconf 81' lang='lat' dir='ltr'>est,</span> <span class='ocrx_word' id='word_1_68' title='bbox 708 1317 764 1371; x_wconf 91' lang='lat' dir='ltr'>tua</span> <span class='ocrx_word' id='word_1_69' title='bbox 787 1305 891 1392; x_wconf 86' lang='lat' dir='ltr'>gloria</span> <span class='ocrx_word' id='word_1_70' title='bbox 913 1328 980 1391; x_wconf 85' lang='lat' dir='ltr'>pax</span> <span class='ocrx_word' id='word_1_71' title='bbox 1003 1315 1064 1379; x_wconf 82' lang='lat' dir='ltr'>est;</span> 
     </span>
    </p>

    <p class='ocr_par' dir='ltr' id='par_1_7' title="bbox 200 1412 1199 1607">
     <span class='ocr_line' id='line_1_11' title="bbox 200 1412 1199 1499; baseline -0.001 -22"><span class='ocrx_word' id='word_1_72' title='bbox 200 1414 305 1477; x_wconf 82' lang='lat' dir='ltr'>Fraus</span> <span class='ocrx_word' id='word_1_73' title='bbox 328 1416 433 1479; x_wconf 87' lang='lat' dir='ltr'>omnis</span> <span class='ocrx_word' id='word_1_74' title='bbox 457 1414 562 1479; x_wconf 89' lang='lat' dir='ltr'>scelus</span> <span class='ocrx_word' id='word_1_75' title='bbox 586 1425 626 1497; x_wconf 82' lang='lat' dir='ltr'>et,</span> <span class='ocrx_word' id='word_1_76' title='bbox 650 1412 865 1499; x_wconf 89' lang='lat' dir='ltr'>quodcunque</span> <span class='ocrx_word' id='word_1_77' title='bbox 888 1413 1020 1499; x_wconf 90' lang='lat' dir='ltr'>impune</span> <span class='ocrx_word' id='word_1_78' title='bbox 1043 1423 1199 1499; x_wconf 82' lang='lat' dir='ltr'>patratur,</span> 
     </span>
     <span class='ocr_line' id='line_1_12' title="bbox 201 1520 1182 1607; baseline -0.001 -21"><span class='ocrx_word' id='word_1_79' title='bbox 201 1521 306 1606; x_wconf 83' lang='lat' dir='ltr'>Culpa</span> <span class='ocrx_word' id='word_1_80' title='bbox 328 1532 384 1585; x_wconf 87' lang='lat' dir='ltr'>tua</span> <span class='ocrx_word' id='word_1_81' title='bbox 407 1531 463 1585; x_wconf 86' lang='lat' dir='ltr'>est.</span> <span class='ocrx_word' id='word_1_82' title='bbox 494 1520 587 1600; x_wconf 72' lang='lat' dir='ltr'>Quae</span> <span class='ocrx_word' id='word_1_83' title='bbox 610 1543 675 1583; x_wconf 96' lang='lat' dir='ltr'>non</span> <span class='ocrx_word' id='word_1_84' title='bbox 699 1520 837 1605; x_wconf 80' lang='lat' dir='ltr'>castigat</span> <span class='ocrx_word' id='word_1_85' title='bbox 861 1520 1000 1584; x_wconf 88' lang='lat' dir='ltr'>crimina</span> <span class='ocrx_word' id='word_1_86' title='bbox 1023 1521 1182 1607; x_wconf 89' lang='lat' dir='ltr'>princeps,</span> 
     </span>
    </p>
   </div>
   <div class='ocr_carea' id='block_1_6' title="bbox 158 1626 1006 1692">
    <p class='ocr_par' dir='ltr' id='par_1_8' title="bbox 158 1626 1006 1692">
     <span class='ocr_line' id='line_1_13' title="bbox 158 1626 1006 1692; baseline 0 -2"><span class='ocrx_word' id='word_1_87' title='bbox 158 1679 165 1690; x_wconf 92' lang='lat'><strong>.</strong></span> <span class='ocrx_word' id='word_1_88' title='bbox 202 1628 283 1691; x_wconf 79' lang='lat' dir='ltr'>Esse</span> <span class='ocrx_word' id='word_1_89' title='bbox 307 1629 386 1692; x_wconf 85' lang='lat' dir='ltr'>facit</span> <span class='ocrx_word' id='word_1_90' title='bbox 409 1649 476 1691; x_wconf 85' lang='lat' dir='ltr'>sua.</span> <span class='ocrx_word' id='word_1_91' title='bbox 508 1628 580 1691; x_wconf 86' lang='lat' dir='ltr'>Non</span> <span class='ocrx_word' id='word_1_92' title='bbox 605 1626 688 1691; x_wconf 87' lang='lat' dir='ltr'>solos</span> <span class='ocrx_word' id='word_1_93' title='bbox 712 1626 831 1690; x_wconf 83' lang='lat' dir='ltr'>delicta</span> <span class='ocrx_word' id='word_1_94' title='bbox 854 1636 1006 1692; x_wconf 76' lang='lat' dir='ltr'>nocentes</span> 
     </span>
    </p>
   </div>
   <div class='ocr_carea' id='block_1_7' title="bbox 199 1734 1156 2141">
    <p class='ocr_par' dir='ltr' id='par_1_9' title="bbox 199 1734 1156 1926">
     <span class='ocr_line' id='line_1_14' title="bbox 199 1734 1156 1820; baseline 0.002 -23"><span class='ocrx_word' id='word_1_95' title='bbox 199 1734 419 1820; x_wconf 78' lang='lat' dir='ltr'>Distringuut,</span> <span class='ocrx_word' id='word_1_96' title='bbox 442 1736 546 1819; x_wconf 82' lang='lat' dir='ltr'>tangit</span> <span class='ocrx_word' id='word_1_97' title='bbox 569 1757 645 1820; x_wconf 88' lang='lat' dir='ltr'>pars</span> <span class='ocrx_word' id='word_1_98' title='bbox 668 1735 812 1797; x_wconf 76' lang='lat' dir='ltr'>inanima</span> <span class='ocrx_word' id='word_1_99' title='bbox 836 1744 962 1820; x_wconf 88' lang='lat' dir='ltr'>secptra</span> <span class='ocrx_word' id='word_1_100' title='bbox 985 1745 1156 1799; x_wconf 91' lang='lat' dir='ltr'>tenentem.</span> 
     </span>
     <span class='ocr_line' id='line_1_15' title="bbox 200 1840 987 1926; baseline 0.003 -22"><span class='ocrx_word' id='word_1_101' title='bbox 200 1840 373 1926; x_wconf 73' lang='lat' dir='ltr'>Nimirum,</span> <span class='ocrx_word' id='word_1_102' title='bbox 397 1840 511 1905; x_wconf 86' lang='lat' dir='ltr'>ulcisci</span> <span class='ocrx_word' id='word_1_103' title='bbox 535 1841 627 1905; x_wconf 84' lang='lat' dir='ltr'>deses</span> <span class='ocrx_word' id='word_1_104' title='bbox 653 1863 736 1924; x_wconf 86' lang='lat' dir='ltr'>quae</span> <span class='ocrx_word' id='word_1_105' title='bbox 759 1841 901 1926; x_wconf 77' lang='lat' dir='ltr'>neglegit</span> <span class='ocrx_word' id='word_1_106' title='bbox 924 1841 987 1926; x_wconf 87' lang='lat' dir='ltr'>ille,</span> 
     </span>
    </p>

    <p class='ocr_par' dir='ltr' id='par_1_10' title="bbox 199 1948 1020 2034">
     <span class='ocr_line' id='line_1_16' title="bbox 199 1948 1020 2034; baseline 0.001 -23"><span class='ocrx_word' id='word_1_107' title='bbox 199 1948 319 2012; x_wconf 86' lang='lat' dir='ltr'>Dicere</span> <span class='ocrx_word' id='word_1_108' title='bbox 342 1949 392 2011; x_wconf 86' lang='lat' dir='ltr'>fas</span> <span class='ocrx_word' id='word_1_109' title='bbox 415 1948 579 2013; x_wconf 86' lang='lat' dir='ltr'>erithace</span> <span class='ocrx_word' id='word_1_110' title='bbox 602 1948 658 2012; x_wconf 93' lang='lat' dir='ltr'>illo</span> <span class='ocrx_word' id='word_1_111' title='bbox 682 1949 855 2012; x_wconf 86' lang='lat' dir='ltr'>commissa</span> <span class='ocrx_word' id='word_1_112' title='bbox 877 1960 1020 2034; x_wconf 87' lang='lat' dir='ltr'>patrono.</span> 
     </span>
    </p>

    <p class='ocr_par' dir='ltr' id='par_1_11' title="bbox 200 2054 1083 2141">
     <span class='ocr_line' id='line_1_17' title="bbox 200 2054 1083 2141; baseline 0.001 -23"><span class='ocrx_word' id='word_1_113' title='bbox 200 2055 288 2139; x_wconf 85' lang='lat' dir='ltr'>Ergo</span> <span class='ocrx_word' id='word_1_114' title='bbox 312 2055 405 2119; x_wconf 87' lang='lat' dir='ltr'>datas</span> <span class='ocrx_word' id='word_1_115' title='bbox 429 2056 519 2141; x_wconf 83' lang='lat' dir='ltr'>regni</span> <span class='ocrx_word' id='word_1_116' title='bbox 544 2055 623 2119; x_wconf 90' lang='lat' dir='ltr'>dum</span> <span class='ocrx_word' id='word_1_117' title='bbox 646 2078 705 2119; x_wconf 87' lang='lat' dir='ltr'>rex</span> <span class='ocrx_word' id='word_1_118' title='bbox 729 2055 906 2119; x_wconf 87' lang='lat' dir='ltr'>moderaris</span> <span class='ocrx_word' id='word_1_119' title='bbox 929 2054 1083 2140; x_wconf 69' lang='lat' dir='ltr'>habenae,</span> 
     </span>
    </p>
   </div>
   <div class='ocr_carea' id='block_1_8' title="bbox 157 2144 1033 2248">
    <p class='ocr_par' dir='ltr' id='par_1_12' title="bbox 157 2144 1033 2248">
     <span class='ocr_line' id='line_1_18' title="bbox 157 2144 1033 2248; baseline 0.002 -23"><span class='ocrx_word' id='word_1_120' title='bbox 157 2213 164 2225; x_wconf 92' lang='lat'><strong>.</strong></span> <span class='ocrx_word' id='word_1_121' title='bbox 199 2162 296 2226; x_wconf 80' lang='lat' dir='ltr'>Pacis</span> <span class='ocrx_word' id='word_1_122' title='bbox 319 2184 442 2246; x_wconf 72' lang='lat' dir='ltr'>amans,</span> <span class='ocrx_word' id='word_1_123' title='bbox 468 2184 547 2248; x_wconf 87' lang='lat' dir='ltr'>urge</span> <span class='ocrx_word' id='word_1_124' title='bbox 558 2144 686 2226; x_wconf 69' lang='lat' dir='ltr'>&#39;vinclis</span> <span class='ocrx_word' id='word_1_125' title='bbox 709 2173 740 2226; x_wconf 88' lang='lat' dir='ltr'>et</span> <span class='ocrx_word' id='word_1_126' title='bbox 764 2184 893 2227; x_wconf 88' lang='lat' dir='ltr'>carcere</span> <span class='ocrx_word' id='word_1_127' title='bbox 918 2174 1033 2246; x_wconf 84' lang='lat' dir='ltr'>sontes,</span> 
     </span>
    </p>
   </div>
   <div class='ocr_carea' id='block_1_9' title="bbox 198 2269 1135 2675">
    <p class='ocr_par' dir='ltr' id='par_1_13' title="bbox 200 2269 930 2334">
     <span class='ocr_line' id='line_1_19' title="bbox 200 2269 930 2334; baseline 0 -2"><span class='ocrx_word' id='word_1_128' title='bbox 200 2269 242 2332; x_wconf 88' lang='lat' dir='ltr'>Et</span> <span class='ocrx_word' id='word_1_129' title='bbox 265 2270 387 2333; x_wconf 85' lang='lat' dir='ltr'>maiore</span> <span class='ocrx_word' id='word_1_130' title='bbox 411 2269 535 2333; x_wconf 85' lang='lat' dir='ltr'>audens</span> <span class='ocrx_word' id='word_1_131' title='bbox 559 2270 645 2333; x_wconf 86' lang='lat' dir='ltr'>ferro</span> <span class='ocrx_word' id='word_1_132' title='bbox 667 2269 787 2333; x_wconf 85' lang='lat' dir='ltr'>delicta</span> <span class='ocrx_word' id='word_1_133' title='bbox 810 2292 930 2334; x_wconf 85' lang='lat' dir='ltr'>coerce.</span> 
     </span>
    </p>

    <p class='ocr_par' dir='ltr' id='par_1_14' title="bbox 199 2375 1135 2568">
     <span class='ocr_line' id='line_1_20' title="bbox 199 2375 1135 2461; baseline 0 -22"><span class='ocrx_word' id='word_1_134' title='bbox 199 2376 355 2461; x_wconf 83' lang='lat' dir='ltr'>Agricola</span> <span class='ocrx_word' id='word_1_135' title='bbox 379 2387 413 2439; x_wconf 92' lang='lat' dir='ltr'>ut</span> <span class='ocrx_word' id='word_1_136' title='bbox 438 2375 602 2459; x_wconf 86' lang='lat' dir='ltr'>quondam</span> <span class='ocrx_word' id='word_1_137' title='bbox 626 2376 777 2440; x_wconf 85' lang='lat' dir='ltr'>manibus</span> <span class='ocrx_word' id='word_1_138' title='bbox 802 2385 871 2440; x_wconf 85' lang='lat' dir='ltr'>sata</span> <span class='ocrx_word' id='word_1_139' title='bbox 895 2376 1027 2440; x_wconf 83' lang='lat' dir='ltr'>sedulus</span> <span class='ocrx_word' id='word_1_140' title='bbox 1051 2378 1135 2441; x_wconf 91' lang='lat' dir='ltr'>inter</span> 
     </span>
     <span class='ocr_line' id='line_1_21' title="bbox 199 2483 1045 2568; baseline 0.001 -22"><span class='ocrx_word' id='word_1_141' title='bbox 199 2483 387 2546; x_wconf 81' lang='lat' dir='ltr'>Luxurians</span> <span class='ocrx_word' id='word_1_142' title='bbox 411 2483 522 2547; x_wconf 91' lang='lat' dir='ltr'>lolium</span> <span class='ocrx_word' id='word_1_143' title='bbox 547 2505 734 2566; x_wconf 85' lang='lat' dir='ltr'>nocuasque</span> <span class='ocrx_word' id='word_1_144' title='bbox 758 2494 892 2547; x_wconf 87' lang='lat' dir='ltr'>eruncat</span> <span class='ocrx_word' id='word_1_145' title='bbox 915 2506 1045 2568; x_wconf 81' lang='lat' dir='ltr'>avenas,</span> 
     </span>
    </p>

    <p class='ocr_par' dir='ltr' id='par_1_15' title="bbox 198 2589 1007 2675">
     <span class='ocr_line' id='line_1_22' title="bbox 198 2589 1007 2675; baseline 0.002 -22"><span class='ocrx_word' id='word_1_146' title='bbox 198 2590 249 2653; x_wconf 91' lang='lat' dir='ltr'>Nc</span> <span class='ocrx_word' id='word_1_147' title='bbox 273 2589 375 2654; x_wconf 84' lang='lat' dir='ltr'>laetae</span> <span class='ocrx_word' id='word_1_148' title='bbox 398 2601 537 2654; x_wconf 86' lang='lat' dir='ltr'>noceant</span> <span class='ocrx_word' id='word_1_149' title='bbox 561 2592 669 2675; x_wconf 85' lang='lat' dir='ltr'>segeti,</span> <span class='ocrx_word' id='word_1_150' title='bbox 694 2613 756 2654; x_wconf 89' lang='lat' dir='ltr'>neu</span> <span class='ocrx_word' id='word_1_151' title='bbox 781 2591 880 2653; x_wconf 89' lang='lat' dir='ltr'>noxia</span> <span class='ocrx_word' id='word_1_152' title='bbox 902 2601 1007 2655; x_wconf 89' lang='lat' dir='ltr'>terrac</span> 
     </span>
    </p>
   </div>
   <div class='ocr_carea' id='block_1_10' title="bbox 156 2696 1128 2783">
    <p class='ocr_par' dir='ltr' id='par_1_16' title="bbox 156 2696 1128 2783">
     <span class='ocr_line' id='line_1_23' title="bbox 156 2696 1128 2783; baseline 0 -23"><span class='ocrx_word' id='word_1_153' title='bbox 156 2747 163 2760; x_wconf 92' lang='lat'><strong>.</strong></span> <span class='ocrx_word' id='word_1_154' title='bbox 201 2696 377 2781; x_wconf 78' lang='lat' dir='ltr'>Surgentes</span> <span class='ocrx_word' id='word_1_155' title='bbox 401 2698 525 2783; x_wconf 91' lang='lat' dir='ltr'>campis</span> <span class='ocrx_word' id='word_1_156' title='bbox 550 2708 581 2761; x_wconf 90' lang='lat' dir='ltr'>et</span> <span class='ocrx_word' id='word_1_157' title='bbox 605 2699 708 2760; x_wconf 86' lang='lat' dir='ltr'>tristia</span> <span class='ocrx_word' id='word_1_158' title='bbox 733 2698 821 2760; x_wconf 88' lang='lat' dir='ltr'>farra</span> <span class='ocrx_word' id='word_1_159' title='bbox 845 2697 1029 2783; x_wconf 88' lang='lat' dir='ltr'>relinquant</span> <span class='ocrx_word' id='word_1_160' title='bbox 1039 2698 1060 2781; x_wconf 56' lang='lat'>²7</span> <span class='ocrx_word' id='word_1_161' title='bbox 1085 2737 1128 2743; x_wconf 89' lang='lat'>—</span> 
     </span>
    </p>
   </div>
   <div class='ocr_carea' id='block_1_11' title="bbox 197 2804 1075 3210">
    <p class='ocr_par' dir='ltr' id='par_1_17' title="bbox 197 2804 1075 3210">
     <span class='ocr_line' id='line_1_24' title="bbox 199 2804 1013 2888; baseline 0 -21"><span class='ocrx_word' id='word_1_162' title='bbox 199 2804 435 2888; x_wconf 82' lang='lat' dir='ltr'>Liventemque</span> <span class='ocrx_word' id='word_1_163' title='bbox 458 2826 543 2868; x_wconf 91' lang='lat' dir='ltr'>unco</span> <span class='ocrx_word' id='word_1_164' title='bbox 567 2804 737 2869; x_wconf 84' lang='lat' dir='ltr'>detruncat</span> <span class='ocrx_word' id='word_1_165' title='bbox 761 2804 882 2867; x_wconf 88' lang='lat' dir='ltr'>vitibus</span> <span class='ocrx_word' id='word_1_166' title='bbox 907 2828 1013 2888; x_wconf 81' lang='lat' dir='ltr'>uvam,</span> 
     </span>
     <span class='ocr_line' id='line_1_25' title="bbox 197 2910 989 2975; baseline 0.001 -1"><span class='ocrx_word' id='word_1_167' title='bbox 197 2911 248 2974; x_wconf 88' lang='lat' dir='ltr'>Nc</span> <span class='ocrx_word' id='word_1_168' title='bbox 272 2910 380 2974; x_wconf 86' lang='lat' dir='ltr'>trahat</span> <span class='ocrx_word' id='word_1_169' title='bbox 403 2922 526 2975; x_wconf 90' lang='lat' dir='ltr'>attactu</span> <span class='ocrx_word' id='word_1_170' title='bbox 548 2910 715 2975; x_wconf 82' lang='lat' dir='ltr'>vindemia</span> <span class='ocrx_word' id='word_1_171' title='bbox 739 2922 846 2975; x_wconf 91' lang='lat' dir='ltr'>cetera</span> <span class='ocrx_word' id='word_1_172' title='bbox 870 2911 989 2975; x_wconf 86' lang='lat' dir='ltr'>labem:</span> 
     </span>
     <span class='ocr_line' id='line_1_26' title="bbox 199 3016 1055 3103; baseline 0 -20"><span class='ocrx_word' id='word_1_173' title='bbox 199 3016 254 3083; x_wconf 87' lang='lat' dir='ltr'>Sic</span> <span class='ocrx_word' id='word_1_174' title='bbox 277 3028 322 3102; x_wconf 74' lang='lat' dir='ltr'>tu,</span> <span class='ocrx_word' id='word_1_175' title='bbox 346 3040 414 3103; x_wconf 82' lang='lat' dir='ltr'>rex,</span> <span class='ocrx_word' id='word_1_176' title='bbox 436 3017 553 3082; x_wconf 87' lang='lat' dir='ltr'>mediis</span> <span class='ocrx_word' id='word_1_177' title='bbox 576 3017 722 3082; x_wconf 86' lang='lat' dir='ltr'>homines</span> <span class='ocrx_word' id='word_1_178' title='bbox 745 3042 788 3082; x_wconf 86' lang='lat' dir='ltr'>ex</span> <span class='ocrx_word' id='word_1_179' title='bbox 811 3017 947 3082; x_wconf 90' lang='lat' dir='ltr'>urbibus</span> <span class='ocrx_word' id='word_1_180' title='bbox 971 3041 1055 3103; x_wconf 81' lang='lat' dir='ltr'>aree,</span> 
     </span>
     <span class='ocr_line' id='line_1_27' title="bbox 198 3123 1075 3210; baseline 0.001 -22"><span class='ocrx_word' id='word_1_181' title='bbox 198 3123 274 3188; x_wconf 85' lang='lat' dir='ltr'>Otia</span> <span class='ocrx_word' id='word_1_182' title='bbox 297 3126 352 3210; x_wconf 89' lang='lat' dir='ltr'>qui</span> <span class='ocrx_word' id='word_1_183' title='bbox 375 3125 517 3208; x_wconf 81' lang='lat' dir='ltr'>turbant,</span> <span class='ocrx_word' id='word_1_184' title='bbox 541 3127 596 3210; x_wconf 86' lang='lat' dir='ltr'>qui</span> <span class='ocrx_word' id='word_1_185' title='bbox 621 3125 775 3190; x_wconf 86' lang='lat' dir='ltr'>caedibus</span> <span class='ocrx_word' id='word_1_186' title='bbox 799 3127 906 3189; x_wconf 87' lang='lat' dir='ltr'>onmia</span> <span class='ocrx_word' id='word_1_187' title='bbox 930 3127 1075 3208; x_wconf 77' lang='lat' dir='ltr'>miscent,</span> 
     </span>
    </p>
   </div>
   <div class='ocr_carea' id='block_1_12' title="bbox 154 3231 1063 3318">
    <p class='ocr_par' dir='ltr' id='par_1_18' title="bbox 154 3231 1063 3318">
     <span class='ocr_line' id='line_1_28' title="bbox 154 3231 1063 3318; baseline 0.001 -24"><span class='ocrx_word' id='word_1_188' title='bbox 154 3282 161 3295; x_wconf 90' lang='lat'>.</span> <span class='ocrx_word' id='word_1_189' title='bbox 199 3231 242 3294; x_wconf 86' lang='lat' dir='ltr'>Et</span> <span class='ocrx_word' id='word_1_190' title='bbox 264 3232 408 3317; x_wconf 87' lang='lat' dir='ltr'>gaudent</span> <span class='ocrx_word' id='word_1_191' title='bbox 431 3232 559 3296; x_wconf 86' lang='lat' dir='ltr'>damnis</span> <span class='ocrx_word' id='word_1_192' title='bbox 582 3255 760 3318; x_wconf 73' lang='lat' dir='ltr'>paacernquc</span> <span class='ocrx_word' id='word_1_193' title='bbox 783 3232 878 3296; x_wconf 89' lang='lat' dir='ltr'>odere</span> <span class='ocrx_word' id='word_1_194' title='bbox 902 3243 1063 3297; x_wconf 88' lang='lat' dir='ltr'>nocentes.</span> 
     </span>
    </p>
   </div>
   <div class='ocr_carea' id='block_1_13' title="bbox 197 3338 1182 3744">
    <p class='ocr_par' dir='ltr' id='par_1_19' title="bbox 197 3338 1182 3744">
     <span class='ocr_line' id='line_1_29' title="bbox 198 3338 1182 3425; baseline 0.001 -24"><span class='ocrx_word' id='word_1_195' title='bbox 198 3338 285 3402; x_wconf 87' lang='lat' dir='ltr'>Iuris</span> <span class='ocrx_word' id='word_1_196' title='bbox 307 3340 385 3404; x_wconf 89' lang='lat' dir='ltr'>itcm</span> <span class='ocrx_word' id='word_1_197' title='bbox 409 3339 552 3402; x_wconf 84' lang='lat' dir='ltr'>studium</span> <span class='ocrx_word' id='word_1_198' title='bbox 577 3350 608 3403; x_wconf 91' lang='lat' dir='ltr'>ct</span> <span class='ocrx_word' id='word_1_199' title='bbox 631 3351 776 3403; x_wconf 79' lang='lat' dir='ltr'>veterum</span> <span class='ocrx_word' id='word_1_200' title='bbox 801 3340 872 3423; x_wconf 72' lang='lat' dir='ltr'>lege</span> <span class='ocrx_word' id='word_1_201' title='bbox 895 3341 976 3403; x_wconf 85' lang='lat' dir='ltr'>scita</span> <span class='ocrx_word' id='word_1_202' title='bbox 1000 3339 1182 3425; x_wconf 85' lang='lat' dir='ltr'>sophorum.</span> 
     </span>
     <span class='ocr_line' id='line_1_30' title="bbox 197 3445 1140 3532; baseline 0 -24"><span class='ocrx_word' id='word_1_203' title='bbox 197 3445 291 3510; x_wconf 80' lang='lat' dir='ltr'>Nec8</span> <span class='ocrx_word' id='word_1_204' title='bbox 311 3469 413 3532; x_wconf 85' lang='lat' dir='ltr'>grave</span> <span class='ocrx_word' id='word_1_205' title='bbox 437 3447 479 3509; x_wconf 91' lang='lat' dir='ltr'>sit</span> <span class='ocrx_word' id='word_1_206' title='bbox 502 3469 666 3532; x_wconf 69' lang='lat' dir='ltr'>cognosse,</span> <span class='ocrx_word' id='word_1_207' title='bbox 691 3447 808 3532; x_wconf 82' lang='lat' dir='ltr'>quibus</span> <span class='ocrx_word' id='word_1_208' title='bbox 832 3458 888 3510; x_wconf 88' lang='lat' dir='ltr'>tua</span> <span class='ocrx_word' id='word_1_209' title='bbox 911 3469 1011 3532; x_wconf 80' lang='lat' dir='ltr'>regna</span> <span class='ocrx_word' id='word_1_210' title='bbox 1036 3448 1140 3509; x_wconf 84' lang='lat' dir='ltr'>iuvari</span> 
     </span>
     <span class='ocr_line' id='line_1_31' title="bbox 199 3552 985 3639; baseline 0.001 -24"><span class='ocrx_word' id='word_1_211' title='bbox 199 3552 378 3638; x_wconf 80' lang='lat' dir='ltr'>Experiere</span> <span class='ocrx_word' id='word_1_212' title='bbox 402 3553 478 3616; x_wconf 92' lang='lat' dir='ltr'>olim</span> <span class='ocrx_word' id='word_1_213' title='bbox 503 3554 670 3636; x_wconf 84' lang='lat' dir='ltr'>multaque</span> <span class='ocrx_word' id='word_1_214' title='bbox 694 3555 874 3618; x_wconf 77' lang='lat' dir='ltr'>increscere</span> <span class='ocrx_word' id='word_1_215' title='bbox 897 3576 985 3639; x_wconf 86' lang='lat' dir='ltr'>pace.</span> 
     </span>
     <span class='ocr_line' id='line_1_32' title="bbox 197 3659 1106 3744; baseline 0 -21"><span class='ocrx_word' id='word_1_216' title='bbox 197 3659 389 3723; x_wconf 87' lang='lat' dir='ltr'>Romuleam</span> <span class='ocrx_word' id='word_1_217' title='bbox 414 3671 448 3724; x_wconf 93' lang='lat' dir='ltr'>ut</span> <span class='ocrx_word' id='word_1_218' title='bbox 472 3662 566 3724; x_wconf 83' lang='lat' dir='ltr'>iustis</span> <span class='ocrx_word' id='word_1_219' title='bbox 591 3661 741 3724; x_wconf 84' lang='lat' dir='ltr'>fundaret</span> <span class='ocrx_word' id='word_1_220' title='bbox 766 3660 891 3744; x_wconf 77' lang='lat' dir='ltr'>legibus</span> <span class='ocrx_word' id='word_1_221' title='bbox 916 3661 1039 3744; x_wconf 78' lang='lat' dir='ltr'>urbem,</span> <span class='ocrx_word' id='word_1_222' title='bbox 1104 3663 1106 3666; x_wconf 46' lang='lat'><strong>⁴</strong></span> 
     </span>
    </p>
   </div>
   <div class='ocr_carea' id='block_1_14' title="bbox 155 3766 1040 3853">
    <p class='ocr_par' dir='ltr' id='par_1_20' title="bbox 155 3766 1040 3853">
     <span class='ocr_line' id='line_1_33' title="bbox 155 3766 1040 3853; baseline 0.001 -24"><span class='ocrx_word' id='word_1_223' title='bbox 155 3817 161 3829; x_wconf 91' lang='lat'>.</span> <span class='ocrx_word' id='word_1_224' title='bbox 199 3766 252 3829; x_wconf 79' lang='lat' dir='ltr'>Ad</span> <span class='ocrx_word' id='word_1_225' title='bbox 276 3767 375 3831; x_wconf 86' lang='lat' dir='ltr'>fortes</span> <span class='ocrx_word' id='word_1_226' title='bbox 399 3767 562 3853; x_wconf 73' lang='lat' dir='ltr'>qurmdarn</span> <span class='ocrx_word' id='word_1_227' title='bbox 587 3769 673 3830; x_wconf 84' lang='lat' dir='ltr'>misit</span> <span class='ocrx_word' id='word_1_228' title='bbox 697 3768 863 3830; x_wconf 69' lang='lat' dir='ltr'>licinianus</span> <span class='ocrx_word' id='word_1_229' title='bbox 887 3767 1040 3851; x_wconf 80' lang='lat' dir='ltr'>Achivos,</span> 
     </span>
    </p>
   </div>
   <div class='ocr_carea' id='block_1_15' title="bbox 199 3872 1022 4068">
    <p class='ocr_par' dir='ltr' id='par_1_21' title="bbox 199 3872 1022 4068">
     <span class='ocr_line' id='line_1_34' title="bbox 199 3872 1000 3960; baseline 0.002 -26"><span class='ocrx_word' id='word_1_230' title='bbox 199 3872 366 3937; x_wconf 82' lang='lat' dir='ltr'>Florentes</span> <span class='ocrx_word' id='word_1_231' title='bbox 390 3874 506 3937; x_wconf 84' lang='lat' dir='ltr'>studiis</span> <span class='ocrx_word' id='word_1_232' title='bbox 530 3875 665 3960; x_wconf 87' lang='lat' dir='ltr'>populos</span> <span class='ocrx_word' id='word_1_233' title='bbox 689 3886 720 3937; x_wconf 82' lang='lat' dir='ltr'>et</span> <span class='ocrx_word' id='word_1_234' title='bbox 743 3898 823 3959; x_wconf 83' lang='lat' dir='ltr'>pucc</span> <span class='ocrx_word' id='word_1_235' title='bbox 848 3886 1000 3959; x_wconf 81' lang='lat' dir='ltr'>potentes,</span> 
     </span>
     <span class='ocr_line' id='line_1_35' title="bbox 199 3979 1022 4068; baseline 0.001 -26"><span class='ocrx_word' id='word_1_236' title='bbox 199 3979 295 4043; x_wconf 81' lang='lat' dir='ltr'>Unde</span> <span class='ocrx_word' id='word_1_237' title='bbox 319 3982 385 4043; x_wconf 84' lang='lat' dir='ltr'>suis</span> <span class='ocrx_word' id='word_1_238' title='bbox 410 3993 553 4066; x_wconf 86' lang='lat' dir='ltr'>peterent</span> <span class='ocrx_word' id='word_1_239' title='bbox 578 3982 664 4065; x_wconf 67' lang='lat' dir='ltr'>leges</span> <span class='ocrx_word' id='word_1_240' title='bbox 689 3995 784 4068; x_wconf 83' lang='lat' dir='ltr'>atquc</span> <span class='ocrx_word' id='word_1_241' title='bbox 809 3982 916 4044; x_wconf 79' lang='lat' dir='ltr'>inclita</span> <span class='ocrx_word' id='word_1_242' title='bbox 944 3984 1022 4044; x_wconf 85' lang='lat' dir='ltr'>iura.</span> 
     </span>
    </p>
   </div>
   <div class='ocr_carea' id='block_1_16' title="bbox 202 4262 1235 4331">
    <p class='ocr_par' dir='ltr' id='par_1_22' title="bbox 202 4262 1235 4331">
     <span class='ocr_line' id='line_1_36' title="bbox 202 4262 1235 4331; baseline 0.003 -19"><span class='ocrx_word' id='word_1_243' title='bbox 202 4262 320 4313; x_wconf 80' lang='lat' dir='ltr'>&#39;Potius</span> <span class='ocrx_word' id='word_1_244' title='bbox 348 4268 417 4324; x_wconf 84' lang='lat' dir='ltr'>„ct“.</span> <span class='ocrx_word' id='word_1_245' title='bbox 451 4267 517 4314; x_wconf 84' lang='lat' dir='ltr'>Nam</span> <span class='ocrx_word' id='word_1_246' title='bbox 543 4266 608 4315; x_wconf 84' lang='lat' dir='ltr'>illud</span> <span class='ocrx_word' id='word_1_247' title='bbox 640 4271 701 4325; x_wconf 82' lang='lat' dir='ltr'>„nt“</span> <span class='ocrx_word' id='word_1_248' title='bbox 731 4267 754 4313; x_wconf 85' lang='lat' dir='ltr'>vi</span> <span class='ocrx_word' id='word_1_249' title='bbox 783 4267 964 4331; x_wconf 78' lang='lat' dir='ltr'>comparativa</span> <span class='ocrx_word' id='word_1_250' title='bbox 991 4267 1032 4314; x_wconf 82' lang='lat' dir='ltr'>vix</span> <span class='ocrx_word' id='word_1_251' title='bbox 1062 4276 1132 4315; x_wconf 81' lang='lat' dir='ltr'>recte</span> <span class='ocrx_word' id='word_1_252' title='bbox 1152 4267 1235 4331; x_wconf 85' lang='lat' dir='ltr'>expli-</span> 
     </span>
    </p>
   </div>
   <div class='ocr_carea' id='block_1_17' title="bbox 132 4353 263 4418">
    <p class='ocr_par' dir='ltr' id='par_1_23' title="bbox 132 4353 263 4418">
     <span class='ocr_line' id='line_1_37' title="bbox 132 4353 263 4418; baseline 0.008 -16"><span class='ocrx_word' id='word_1_253' title='bbox 132 4353 147 4402; x_wconf 90' lang='lat' dir='ltr'>·i</span> <span class='ocrx_word' id='word_1_254' title='bbox 167 4361 263 4418; x_wconf 88' lang='lat' dir='ltr'>potest.</span> 
     </span>
    </p>
   </div>
   <div class='ocr_carea' id='block_1_18' title="bbox 200 4442 1233 4669">
    <p class='ocr_par' dir='ltr' id='par_1_24' title="bbox 200 4442 1233 4669">
     <span class='ocr_line' id='line_1_38' title="bbox 200 4442 1233 4509; baseline 0.001 -18"><span class='ocrx_word' id='word_1_255' title='bbox 200 4442 209 4471; x_wconf 79' lang='lat'><strong>²</strong></span> <span class='ocrx_word' id='word_1_256' title='bbox 229 4443 374 4493; x_wconf 82' lang='lat' dir='ltr'>llcminisci</span> <span class='ocrx_word' id='word_1_257' title='bbox 392 4443 498 4494; x_wconf 81' lang='lat' dir='ltr'>videtur</span> <span class='ocrx_word' id='word_1_258' title='bbox 519 4445 568 4495; x_wconf 90' lang='lat' dir='ltr'>hoc</span> <span class='ocrx_word' id='word_1_259' title='bbox 589 4445 645 4495; x_wconf 83' lang='lat' dir='ltr'>loco</span> <span class='ocrx_word' id='word_1_260' title='bbox 665 4442 763 4509; x_wconf 80' lang='lat' dir='ltr'>Vergili</span> <span class='ocrx_word' id='word_1_261' title='bbox 784 4447 905 4507; x_wconf 66' lang='lat' dir='ltr'>(lcorgic.</span> <span class='ocrx_word' id='word_1_262' title='bbox 930 4445 945 4496; x_wconf 92' lang='grc' dir='ltr'>Ι,</span> <span class='ocrx_word' id='word_1_263' title='bbox 968 4447 977 4493; x_wconf 92' lang='lat' dir='ltr'>l</span> <span class='ocrx_word' id='word_1_264' title='bbox 999 4462 1039 4494; x_wconf 79' lang='lat' dir='ltr'>rr.</span> <span class='ocrx_word' id='word_1_265' title='bbox 1060 4446 1102 4497; x_wconf 76' lang='lat' dir='ltr'>till.</span> <span class='ocrx_word' id='word_1_266' title='bbox 1126 4442 1175 4495; x_wconf 68' lang='lat'>1:34</span> <span class='ocrx_word' id='word_1_267' title='bbox 1195 4460 1233 4507; x_wconf 86' lang='lat' dir='ltr'>sq.</span> 
     </span>
     <span class='ocr_line' id='line_1_39' title="bbox 201 4530 724 4599; baseline 0.006 -16"><span class='ocrx_word' id='word_1_268' title='bbox 201 4530 210 4557; x_wconf 73' lang='lat'>²³</span> <span class='ocrx_word' id='word_1_269' title='bbox 229 4532 386 4598; x_wconf 78' lang='lat' dir='ltr'>Elegantius</span> <span class='ocrx_word' id='word_1_270' title='bbox 407 4539 501 4599; x_wconf 77' lang='lat'>‚‚11011“.</span> <span class='ocrx_word' id='word_1_271' title='bbox 523 4537 597 4585; x_wconf 83' lang='lat' dir='ltr'>Conf.</span> <span class='ocrx_word' id='word_1_272' title='bbox 620 4554 643 4587; x_wconf 83' lang='lat' dir='ltr'>r.</span> <span class='ocrx_word' id='word_1_273' title='bbox 664 4534 724 4586; x_wconf 70' lang='lat'>523.</span> 
     </span>
     <span class='ocr_line' id='line_1_40' title="bbox 1096 4624 1128 4669; baseline 0 -16"><span class='ocrx_word' id='word_1_274' title='bbox 1096 4624 1128 4669; x_wconf 50' lang='grc' dir='ltr'>ὅ*</span> 
     </span>
    </p>
   </div>
   <div class='ocr_carea' id='block_1_19' title="bbox 0 0 1478 5302">
    <p class='ocr_par' dir='ltr' id='par_1_25' title="bbox 0 0 1478 5302">
     <span class='ocr_line' id='line_1_41' title="bbox 0 0 1478 5302; baseline 0 0"><span class='ocrx_word' id='word_1_275' title='bbox 0 0 1478 5302; x_wconf 95' lang='lat' dir='ltr'> </span> 
     </span>
    </p>
   </div>
  </div>
 </body>
</html>
