3016 5310
155 678 178 720 o.
214 653 283 721 Stet
308 655 404 720 modo
427 656 550 743 religio,
573 657 681 743 priseo
704 679 787 744 quae
809 657 929 722 tradita
952 657 1058 723 saeolo
1081 668 1137 723 est.

303 761 370 827 Ora
394 762 617 847 Leonardusl,
640 763 703 827 sibi
726 786 822 850 quem
844 764 1038 830 Cameneaia
1061 764 1181 830 loetum

211 868 405 934 Pontificem
428 870 563 956 aceepit,
586 892 651 933 non
674 869 853 935 infaounda
876 870 1025 956 resolvet,

212 975 377 1040 Divorum
399 984 432 1040 ot
455 999 553 1041 saevo
577 998 646 1041 sese
670 976 751 1041 feret
774 976 891 1041 obvius
914 976 1009 1041 hosti.

302 1083 372 1148 Neo
394 1091 461 1167 tua,
483 1082 682 1167 Prerembi2,
705 1084 817 1169 pietas,
841 1094 917 1148 nota
940 1083 1099 1169 omnibus,
1122 1084 1196 1149 imis

171 1240 177 1253 .
213 1190 257 1254 Et
279 1212 363 1276 quae
386 1191 503 1254 animis
526 1190 660 1254 immota
683 1199 791 1256 manet
815 1192 983 1274 sententia
1007 1201 1115 1255 nostro

212 1294 385 1361 Hortanda
407 1306 455 1361 est
479 1318 590 1361 versu:
615 1319 684 1361 sese
708 1297 786 1360 satis
809 1297 929 1361 exserit
952 1298 1031 1383 ipsa

211 1405 320 1489 Atque
342 1402 461 1468 infesta
484 1403 588 1489 malis,
611 1426 694 1490 quae
717 1407 869 1489 praesens
892 1403 1034 1489 prodidit
1056 1414 1152 1488 aetas,

211 1511 385 1597 Dogmatis
408 1512 550 1597 assurgit
573 1534 693 1597 magno
716 1521 748 1576 et
771 1521 834 1575 stat
856 1510 971 1575 robore
993 1523 1113 1596 eontra,

211 1617 286 1681 Non
310 1639 450 1702 cessura,
472 1617 549 1682 mali
574 1618 608 1681 in
631 1619 726 1683 terris
748 1617 975 1703 quodoumque
997 1616 1168 1682 ferendum
1190 1627 1253 1683 est.

169 1773 176 1786 .
213 1723 287 1789 Hoa
310 1723 426 1788 fratrm
448 1734 480 1788 et
502 1734 571 1788 tota
594 1722 709 1788 domus
731 1722 914 1810 prerembia
937 1722 1037 1797 dicam

210 1829 286 1894 Non
310 1829 400 1895 uliud
424 1831 511 1895 canit
536 1830 694 1915 Andreas,
718 1832 773 1917 qui
797 1852 901 1916 nuper
924 1829 964 1893 ab
989 1830 1069 1895 urbe

211 1936 370 2023 Euganea
393 1938 483 2003 venit
505 1938 610 2002 Musis
633 1948 665 2001 ot
688 1936 839 2023 Apolline
861 1936 985 2022 plenus.

299 2043 370 2109 Neo
393 2045 501 2108 minus
525 2044 697 2131 impigram
722 2066 791 2109 sese
814 2044 969 2108 Lituania
992 2055 1104 2109 eontra

210 2149 293 2215 Tota
315 2149 405 2234 feret,
428 2151 584 2236 quioquid
609 2173 775 2215 sacrorum
798 2160 846 2214 est
870 2173 971 2236 usque
995 2152 1151 2215 virorum.

155 2305 177 2320 ..
213 2256 304 2337 Quos
327 2256 418 2322 loeus
441 2257 496 2321 bio
519 2259 631 2344 possit.
662 2258 722 2341 Tu,
746 2256 952 2341 Valeriane³‚
975 2260 1096 2343 potenti

212 2363 279 2444 Qui
301 2363 429 2448 Vilnae‚
453 2363 504 2427 his
526 2365 601 2428 totis
624 2386 689 2449 qua
711 2362 801 2427 nulla
825 2363 983 2428 celebrior
1006 2365 1070 2428 oris

210 2470 300 2536 Urbs
324 2493 461 2556 usquam
483 2482 541 2554 est,
564 2480 730 2557 praesset
754 2472 816 2535 ritu
842 2470 1019 2535 moderaris
1043 2471 1140 2554 avito,

211 2577 287 2664 Ipse
309 2587 383 2642 tuas
406 2587 513 2663 partes
538 2599 711 2664 sacrasque
733 2577 875 2642 tuebaris
900 2600 981 2641 aras.

301 2684 374 2748 Non
399 2706 433 2749 se
457 2685 628 2768 contineat,
652 2707 770 2769 magno
793 2686 872 2771 quin
896 2685 1042 2771 protinus
1065 2707 1119 2749 oro

171 2842 177 2855 .
213 2790 363 2876 Albinus,
386 2791 525 2877 praesul,
549 2791 686 2855 Romam
709 2791 863 2856 defendat
887 2801 918 2856 et
942 2814 1015 2854 aras

211 2899 383 2982 Divorum,
407 2921 487 2984 quas
511 2920 600 2983 gens,
623 2899 718 2962 terris
742 2899 849 2962 invisa
872 2898 1019 2985 poloque,

210 3005 437 3091 Nequioquam
459 3014 561 3069 tentat
585 3005 686 3068 fundo
711 3005 892 3070 convollere
916 3005 956 3068 ab
981 3007 1054 3087 imo,

211 3111 316 3198 Impia
340 3113 591 3198 commiseetque
615 3113 677 3197 piis
701 3113 865 3197 sacrisque
888 3112 1033 3198 profana.

300 3217 389 3298 Quid
412 3220 540 3304 pietatis
565 3241 678 3281 amans
701 3218 858 3282 Iassinius
882 3218 986 3281 omnis
1009 3216 1212 3303 Iosephus?⁴

168 3376 175 3389 .
211 3324 278 3404 Qui
301 3326 439 3411 patriam
462 3324 611 3389 doctrina
635 3335 738 3389 armat
761 3323 944 3410 pubemque
966 3323 1116 3409 polonum

209 3432 311 3496 Mittit
333 3433 368 3495 in
392 3432 593 3517 Hesperiam,
617 3431 781 3496 discendis
806 3429 929 3494 artibus
952 3439 1070 3514 aptam,

211 3537 311 3602 Haud
333 3560 471 3625 paroens
495 3540 610 3625 opibus
635 3539 745 3624 largus
768 3559 930 3624 gazaeque
953 3546 1111 3621 repostam

209 3644 381 3709 Auxilium
404 3647 539 3710 veniens
563 3647 645 3710 miro
668 3644 853 3732 properabit
876 3665 993 3708 amore.

298 3752 565 3839 Narousiusque⁵
586 3754 669 3838 pius,
692 3752 835 3815 lituanae
858 3751 1001 3814 maxima
1023 3751 1129 3836 gentis

210 3982 219 4011 ¹
239 3982 394 4035 Leonardus
413 3983 601 4047 Sionczewski,
627 3999 658 4034 ex
687 3982 907 4033 Miecbovitarum
928 3982 1143 4048 congregatione.
1168 3980 1245 4032 cnut.

155 4081 190 4125 ot.
211 4071 254 4123 ad.
274 4089 298 4123 v.
319 4070 371 4123 113
390 4073 522 4122 Carminis
543 4073 598 4122 fun.
619 4073 646 4121 in
666 4072 741 4121 obitu
759 4072 893 4121 'l'arnovii

209 4159 351 4212 'Ioannes
370 4162 555 4211 Przersmbski
579 4177 620 4212 aa.
641 4159 817 4212 1557-1559
843 4160 982 4225 episeopus
1008 4158 1174 4219 ebelmenais,
1201 4172 1246 4210 aa.

155 4248 279 4303 9-1562
298 4249 514 4316 archiepiscopus
533 4251 698 4315 gnesnensis.

209 4336 220 4367 ⁸
238 4338 398 4390 Valerianus
418 4340 618 4402 Protaszeuian
638 4354 679 4388 aa.
701 4335 877 4389 1555-1579
897 4338 1035 4402 episeopus
1055 4335 1191 4388 vilnensis.

208 4425 364 4479 ‘Albertus
384 4427 515 4478 lassinius
533 4427 686 4478 nominatur
705 4444 729 4476 v.
750 4425 809 4478 912.

209 4513 388 4566 ‘stantunus
408 4516 553 4580 Narkuski‚
575 4525 629 4566 tum
650 4516 775 4581 temporis
793 4515 938 4566 canonieus
952 4513 1088 4564 vilnensis.
