3016 5310
674 483 811 519 MBUTIS.

282 684 520 764 Distentusque
543 689 696 765 saturque
719 678 793 743 altis
817 678 959 743 exsultat
981 679 1016 742 in
1040 679 1140 743 arvis:

284 790 410 854 Divisis
434 787 599 872 quondam
623 787 816 872 contingunt
839 785 918 849 talia
940 786 1058 872 regnis.

373 895 535 963 Sarmatia
556 893 682 978 infelix,
705 915 780 958 cum
803 915 837 958 se
861 903 896 956 ut
919 894 989 957 sine
1012 893 1134 978 remige
1156 891 1241 956 vidit

192 1024 253 1069 110.
281 1004 425 1068 Iactatae
447 1000 622 1067 assimilem
646 1001 723 1064 navi
747 1010 778 1064 et
801 1009 886 1064 retro
908 1000 1017 1064 omnia
1041 1000 1118 1064 ferri

284 1111 401 1196 Lapsa,
423 1108 585 1196 palatinos
608 1106 696 1171 soliis
721 1105 872 1172 deturbat
895 1105 935 1170 ab
961 1106 1044 1170 altis.

285 1216 419 1302 Sceptra
440 1217 559 1280 iterum
581 1215 673 1278 iuvat
696 1223 727 1279 et
751 1235 878 1278 sacram
902 1223 1048 1299 spectare
1070 1213 1195 1277 tiaram.

284 1324 371 1410 Ergo
392 1321 546 1410 palatinis
568 1321 691 1407 regalia
715 1331 841 1407 sceptra
861 1320 998 1407 repulsis

285 1428 479 1494 Succedunt.
509 1427 640 1491 Primus
662 1426 788 1513 regales
812 1425 982 1492 Gracchus
1005 1426 1152 1511 honores,

195 1554 254 1599 110.
285 1535 439 1619 Sarmata,
447 1573 490 1582 -
503 1535 637 1599 mentita
649 1544 697 1598 est
710 1556 896 1620 quanquam
908 1532 1001 1596 illum
1014 1533 1101 1596 fama
1110 1533 1320 1612 Quiritem—

284 1642 477 1723 Promeruit3
501 1640 681 1725 Gracchus,
705 1664 769 1727 quo
792 1663 858 1705 non
880 1641 1095 1728 praestantior
1117 1639 1198 1704 alter

284 1748 370 1813 Pace
392 1758 502 1813 tenere
524 1749 620 1833 viros,
642 1746 831 1833 hostemque
854 1745 1010 1833 repellere
1033 1747 1151 1832 regnis.

282 1855 424 1920 Consilio
445 1853 534 1919 hunc
557 1877 668 1919 omnes
692 1855 875 1936 animisque
898 1853 1081 1917 volentibus
1106 1852 1190 1917 ultro

285 1960 415 2026 Tollunt
439 1961 473 2024 in
497 1961 577 2024 solia
600 1971 698 2044 atque
721 1960 814 2024 datas
836 1970 1035 2024 venerantur
1056 1959 1209 2024 habenas.

195 2084 255 2132 110.
288 2067 380 2148 Quae
402 2067 532 2132 fuerant
555 2090 658 2155 nuper
679 2069 771 2131 vario
795 2068 914 2131 iactata
936 2067 1077 2131 tumultu

285 2176 398 2262 Regna
420 2175 573 2263 palatinis
595 2175 811 2261 turbantibus,
835 2175 943 2239 omnia
967 2176 1104 2240 ceruas¹

286 2283 489 2368 Surgereque
513 2282 688 2368 attollitque,
712 2282 877 2369 decusque
900 2304 1062 2345 resumere
1085 2282 1237 2367 priscum.

283 2390 410 2453 Dextra
432 2398 546 2476 potens
570 2388 722 2473 Gracchi,
745 2389 895 2472 belloque
919 2388 1091 2475 imperdita
1113 2389 1217 2451 virtus

285 2495 418 2560 Evaluit
440 2495 534 2582 pulso
557 2496 653 2580 longe
676 2495 717 2560 de
740 2495 860 2559 finibus
884 2494 983 2579 hoste,

192 2617 250 2666 110.
279 2602 430 2686 Paeeque
454 2603 638 2689 compositis
662 2601 799 2689 pulchra
821 2600 1032 2688 popularibus
1055 2601 1162 2664 armis.

283 2709 374 2773 Bella
397 2709 556 2774 exhausta
578 2711 663 2774 inter
685 2718 911 2795 pugnatasque
934 2707 1047 2772 ordine
1070 2730 1198 2794 pugnas

283 2815 422 2881 Cernere
446 2827 514 2881 erat
537 2815 658 2901 Gallos,
682 2816 816 2880 inimica
838 2816 958 2880 11110110
980 2815 1112 2879 Polonis

284 2922 385 3008 Signa
408 2945 503 2987 ausos
526 2923 654 3009 populis
666 2929 687 3008 ²,
711 2934 746 2986 ut
769 2921 872 2986 multa
896 2932 1003 3008 strage
1027 2930 1177 2986 cruentos

283 3028 453 3094 Gracchus
476 3031 544 3115 agit
566 3052 731 3116 regnoque
755 3031 853 3093 armis
877 3028 1068 3094 victricibus
1092 3040 1189 3114 arcet,

186 3152 249 3198 ras.
280 3134 371 3198 Milia
394 3135 496 3201 multa
519 3159 618 3199 manu
643 3136 702 3199 sub
725 3137 830 3200 tristia
853 3137 990 3200 Tartara
1012 3137 1143 3201 mittens

283 3240 476 3307 Bellantum.
507 3243 575 3309 (leu
599 3243 729 3328 quando
752 3266 884 3328 gregem
906 3243 1003 3329 lupus
1026 3244 1060 3306 in
1083 3242 1199 3307 mediis
1219 3254 1296 3307 trux

283 3347 387 3413 Iactat
410 3350 507 3435 agris,
530 3349 594 3414 late
617 3360 648 3414 et
671 3372 759 3413 nunc
782 3349 877 3434 hanc,
901 3373 989 3414 nunc
1012 3350 1150 3437 impiger
1172 3350 1263 3414 illam

283 3454 391 3519 Dente
412 3457 501 3542 petit,
526 3455 628 3519 multa
652 3464 683 3520 01
705 3456 810 3543 plenis
834 3455 889 3519 dat
913 3457 1029 3520 funera
1052 3456 1187 3543 campis:

282 3559 452 3626 Gallorum
474 3563 509 3626 in
532 3572 656 3626 turmas
678 3562 740 3627 hoc
764 3562 934 3628 Gracchus
958 3586 1046 3628 more
1069 3562 1192 3627 ruebat.

184 3684 247 3730 100.
278 3667 454 3752 Postquam
477 3680 569 3756 parta
593 3671 685 3753 quies
710 3671 819 3756 regnis
843 3671 1012 3753 omnisque
1035 3668 1184 3756 repulsus

283 3773 394 3838 Hostis
418 3777 506 3861 agris
530 3798 644 3841 secura
666 3775 751 3840 bono
775 3775 854 3839 dant
877 3777 942 3840 otia
965 3777 1043 3861 rogi,

282 3880 370 3945 Ecce
392 3881 506 3947 urbem
529 3882 648 3967 condit,
671 3883 776 3969 plenis
800 3905 864 3969 qua
888 3906 922 3947 se
945 3882 1048 3946 Istula
1070 3883 1150 3969 ripis

282 3987 413 4071 Inserit3
437 3989 691 4076 Cracoiiamquo
715 4012 773 4053 suo
797 3989 837 4053 dc
860 3990 989 4053 nomine
1006 3988 1089 4053 dixit
1099 3991 1120 4050 ³.

283 4181 292 4211 ¹
312 4183 400 4250 potins
422 4186 586 4245 „corneres“.

282 4270 293 4300 ¹
312 4274 353 4325 Dc
370 4272 423 4325 hac
441 4273 555 4324 mirifica
573 4272 704 4324 bellorum
722 4288 783 4324 cum
802 4272 889 4324 Gallis
908 4279 1043 4338 gestorum
1068 4275 1142 4325 fama
1161 4275 1257 4327 critica
1275 4292 1320 4327 ra-

178 4357 246 4413 tione
264 4363 321 4429 egit
339 4364 480 4416 Cremerae
498 4364 540 4415 De
558 4365 639 4415 rebus
657 4364 749 4415 Polou.
768 4365 815 4414 lib.
836 4364 861 4412 11
881 4378 904 4413 0.
923 4362 949 4415 3.

283 4450 294 4479 ⁸
312 4453 378 4504 Post
396 4453 468 4504 huno
487 4469 512 4509 v.
532 4451 697 4518 adscriptum
716 4461 758 4504 est
775 4454 803 4503 in
823 4461 899 4503 msto:
920 4453 1103 4515 „Sarmatidos
1122 4453 1209 4507 finir.

611 4557 880 4613 —QJ—
