3016 5310
652 442 826 480 nummu
1233 425 1309 516 aaa

556 525 573 531 ,μ
582 525 625 531 —-
656 526 697 531 —
710 526 758 531 —.
768 524 1053 532 -o—--Q—--wffi
1063 516 1307 531 .·'-.-——..——-—-.a

272 636 430 723 Aspicio?
453 634 535 700 Mihi
558 635 645 722 quod
668 638 797 701 cunctis
821 659 952 723 sperare
976 647 1135 723 negatum
1157 647 1207 702 est

213 765 240 808 a.
271 742 451 827 Sideribus,
475 754 567 809 vates
590 765 652 809 nec
675 743 784 808 dicere
807 745 912 831 quivit
934 744 1065 832 Apollo!

362 850 431 915 Vos
454 849 522 914 elui
546 849 588 914 ad
612 872 814 937 magnosque
835 850 936 916 eduxi
960 862 1064 916 mater
1086 849 1233 935 honores,

271 957 442 1043 Evexique
465 957 579 1022 volens
602 968 643 1042 et,
666 980 747 1043 quos
771 957 910 1023 obscura
931 980 994 1022 nee
1017 956 1093 1022 ullis

272 1064 424 1150 Insignes
447 1063 545 1129 rebus
569 1063 665 1128 modo
689 1063 778 1127 fama
800 1063 993 1148 recondidit,
1018 1066 1097 1129 auxi

271 1171 409 1235 Divitiis
432 1171 612 1257 opibusque
635 1181 667 1235 et
689 1169 778 1236 celsa
801 1171 835 1235 in
859 1170 935 1236 sede
959 1170 1075 1236 locavi

190 1300 237 1343 ro.
268 1278 490 1362 Immemores,
514 1315 556 1325 -
580 1277 658 1363 quid
682 1301 748 1341 non
771 1278 901 1363 ingrata
924 1276 1047 1345 oblivia
1069 1278 1282 1364 possuntl*

270 1384 385 1448 Tantis
408 1407 468 1471 pro
491 1385 598 1468 rebus,
621 1407 777 1470 magnum
801 1396 836 1449 ut
860 1385 1035 1450 discrimen
1059 1385 1194 1472 adirem,

270 1492 419 1573 Fecistis,
444 1491 551 1557 famae
573 1491 649 1557 fidei
674 1491 844 1578 dulcisque
867 1492 992 1576 salutis,
1016 1531 1058 1539 -

271 1598 435 1663 Horresco
458 1599 613 1682 referens,
637 1637 679 1645 —
704 1609 832 1663 nostras
855 1598 1029 1664 occludere
1052 1610 1163 1686 portas

268 1704 368 1791 Regis
392 1704 508 1791 legatis
531 1706 674 1790 Augusti
698 1704 880 1770 illustribus
904 1708 985 1789 ausi,

189 1833 235 1876 rt.
268 1813 410 1897 Augusti
432 1813 530 1898 regis,
553 1835 617 1899 quo
641 1814 760 1899 sospite
783 1814 918 1877 Prussia
941 1836 1051 1900 sospes

269 1919 404 2006 Semper
426 1922 500 1985 erit!
523 1942 581 1983 vos
605 1942 697 2006 quae,
720 1945 738 1983 o
763 1919 863 2004 stulti,
885 1921 1050 1985 dementia
1073 1920 1180 2006 cepit?

270 2026 361 2091 Haec
385 2049 483 2113 super
506 2029 657 2092 annastis
682 2029 782 2111 vicos,
805 2027 885 2111 fora,
908 2027 1030 2114 templa
1053 2028 1242 2114 domosque3

268 2133 396 2197 Mittere
419 2134 536 2198 militia
560 2135 640 2198 iussi
664 2144 760 2220 atque
783 2135 929 2198 emittere
952 2136 1053 2220 portis

267 2241 433 2305 Armatus:
457 2243 602 2305 numeris
624 2263 777 2305 numeros
802 2251 911 2305 vestra
935 2240 1057 2306 addere
1080 2251 1194 2306 contra

185 2368 234 2412 uo.
269 2347 430 2412 Sustinuit
453 2349 540 2433 regis
564 2349 680 2435 spretis
704 2347 843 2412 audacia
866 2348 972 2411 iussis.

356 2455 471 2534 Qualis
495 2466 564 2520 erat
586 2456 704 2520 Troiae
727 2455 838 2538 facies,
862 2479 936 2519 cum
961 2455 1103 2521 Graecia
1127 2454 1249 2520 bellum

266 2562 471 2626 Dardanium
497 2564 537 2627 ob
562 2563 712 2627 Paridem
737 2575 767 2627 ot
792 2563 899 2627 scelus
924 2561 1055 2627 exitiale
1079 2563 1250 2628 Lacaenae

266 2669 414 2733 Moverat
438 2668 603 2733 excidium
627 2680 778 2755 terraque
802 2672 949 2756 marique
973 2671 1104 2753 minata,

266 2775 355 2838 Talis
379 2786 490 2839 nostra
513 2776 589 2840 fuit:
614 2776 738 2839 ferrum
761 2776 905 2862 undique
928 2786 960 2840 ct
984 2775 1128 2862 undique
1152 2776 1274 2841 ferrum

183 2905 232 2947 et.
265 2882 430 2948 Stridebat
455 2882 585 2966 fulgens
608 2895 640 2946 et
663 2882 736 2947 luce
761 2883 902 2948 micabat
925 2882 1038 2946 ahena.

264 2989 334 3052 Pax
357 3012 518 3074 nusquam
543 3011 768 3075 nusquamque
790 2988 880 3052 fides.
905 2990 997 3053 Haec
1021 2991 1127 3074 gratia
1149 3011 1259 3076 regem

263 3096 449 3181 Augustum
473 3098 602 3180 mansit,
625 3107 888 3182 servatoremque
912 3095 1091 3160 Polonnm?

264 3203 430 3290 Sanguine
454 3206 508 3290 qui
534 3204 712 3290 dextraque
736 3228 805 3288 sua,
828 3205 882 3290 pia
907 3205 1049 3269 l'rnssia.
1073 3205 1246 3292 qnondam,

265 3310 314 3374 Ne
337 3312 523 3376 marianaeo
548 3313 686 3375 serviret
709 3334 820 3397 pressa
843 3312 955 3376 furori.

180 3439 229 3483 so.
260 3418 402 3482 Perfecit
425 3418 571 3503 duroque
594 3420 679 3503 iugo,
703 3418 788 3505 quod
813 3418 900 3482 ferre
923 3418 1085 3504 nequibat,

261 3526 392 3611 Eripuit
415 3527 520 3589 victor
544 3524 749 3611 libertatique
772 3536 918 3589 vetustae

261 3631 425 3715 Restituit,
448 3655 530 3717 quae
554 3655 617 3695 non
643 3632 704 3694 nisi
730 3632 862 3715 regibus
887 3643 962 3696 ante
986 3632 1110 3717 polonis

261 3739 453 3803 Subiectae¹
479 3739 647 3823 obtigerat,
671 3737 866 3825 longumque
891 3763 1013 3803 annosa
1037 3761 1094 3825 per
1117 3761 1245 3823 aevum,

258 3845 402 3910 Pulchra
426 3868 505 3931 pace
529 3847 778 3932 v'igenS,1›0rtis
803 3847 936 3910 dmarat
960 3847 1089 3933 apertis.

184 3975 233 4018 ss.
266 3954 339 4017 Hac
364 3953 485 4017 scelere
509 3953 694 4018 excideram
719 3977 818 4040 prope
842 3965 950 4018 vestro
974 3966 1005 4017 ct
1030 3954 1180 4017 tristibus
1205 3954 1292 4016 ausis

257 4061 370 4142 Digna
393 4062 469 4146 pati,
494 4061 636 4125 clemens
659 4063 723 4123 nisi
747 4084 805 4125 rex
830 4072 1001 4135 servasset,
1027 4072 1180 4144 aratrum,

259 4168 451 4231 Extremum
476 4191 628 4232 occasum
652 4180 825 4254 ramaeque
849 4168 961 4230 videre
984 4169 1104 4250 ruinas,

262 4274 438 4360 Suppliciis
463 4276 579 4338 vestris
604 4275 733 4338 foedata
756 4274 957 4359 madensqnc
982 4297 1107 4338 cruore.

257 4507 262 4534 ¹
285 4523 331 4555 ms.
354 4507 517 4567 ,subiectat

257 4605 367 4642 Carmlna.
382 4603 407 4642 Τ.
424 4601 441 4641 1.
