3016 5310
726 1414 778 1479 26.

607 1611 891 1687 INVECTIO

371 1767 426 1833 IN
461 1766 792 1834 PRAESULEM
823 1766 1127 1846 QUENDAM1.

283 1960 407 2025 Dixisti
431 1971 506 2026 ante
529 1958 650 2047 pedum
674 1982 786 2046 nuper,
810 1980 1000 2046 sacramque
1022 1958 1141 2024 tiaram

338 2066 462 2151 Qualis,
486 2067 568 2131 site
593 2088 662 2131 sors
685 2064 810 2152 evehat,
833 2088 904 2131 csse
927 2066 1021 2132 velis:

284 2172 323 2236 In
346 2172 475 2258 plebem
497 2173 608 2259 largus
632 2183 762 2238 tenuem
785 2171 913 2258 lateque
936 2172 1097 2260 profusus,

338 2280 472 2346 Summa
495 2278 700 2345 sacerdotum
724 2289 759 2344 ut
783 2301 862 2344 cura
886 2279 998 2344 futura
1020 2290 1078 2344 tua

226 2408 251 2449 s.
283 2384 562 2473 Tcmplorumquc,
586 2388 688 2450 sacris
712 2385 819 2451 cultus
843 2408 884 2451 ne
907 2385 1035 2451 debitus
1059 2385 1125 2451 aris

339 2492 387 2558 Sit
411 2492 587 2579 neglectus,
611 2503 663 2557 eat
686 2516 726 2558 ne
749 2493 894 2580 pietasvc
917 2504 1010 2558 retro.

284 2599 324 2663 In
347 2598 525 2664 desertores
549 2610 583 2664 tu
608 2600 774 2686 religionis
798 2599 944 2683 acerbus,

337 2705 527 2773 Subsidium
550 2706 627 2772 fidei
650 2707 773 2793 grande
797 2707 927 2771 futurus
950 2729 1031 2771 eras.

284 2813 439 2878 Extremo
463 2837 542 2900 quos
566 2837 631 2877 non
654 2824 733 2878 tunc
756 2815 946 2901 pollicitaris
970 2813 1011 2879 ab
1035 2813 1125 2880 orbe!

205 2941 250 2984 ιο.
335 2920 558 2986 Arcessendus
583 2932 651 2985 erat
674 2920 843 3007 theologus
866 2920 943 2986 indo
966 2943 1066 3005 sacer,

284 3027 467 3113 Sanctaque
492 3028 547 3113 qui
572 3027 685 3091 doceat
708 3049 861 3092 romanae
885 3027 1017 3091 oracula
1040 3026 1137 3113 sedis,

338 3134 381 3197 Et
403 3134 459 3220 qui
483 3134 661 3199 clamosum
684 3156 749 3198 non
773 3134 857 3198 sinat
880 3156 950 3199 esse
974 3134 1090 3200 forum.

287 3239 488 3327 „Theologus
511 3240 598 3326 hinc,
621 3240 775 3327 illincque
799 3241 875 3305 boni
899 3240 1066 3306 consultus
1089 3252 1121 3307 ct
1145 3244 1240 3330 acqui

335 3345 515 3433 Complcbit
540 3370 679 3433 mensas,
702 3348 798 3412 turba
822 3347 951 3434 diserta,
974 3349 1095 3414 meas“.

204 3477 247 3516 rs.
282 3454 374 3538 „Non
398 3454 501 3539 urca“‚
526 3454 667 3539 dicebas,
695 3454 803 3540 „aliud
827 3478 924 3541 quam
947 3454 1072 3542 grande
1096 3456 1225 3520 sonabit

335 3561 449 3624 Mensa
471 3573 564 3649 σοφῶς
576 3568 595 3641 “-’,
620 3561 745 3625 caelum
770 3561 933 3648 dignaque
956 3562 1057 3627 verba
1079 3561 1161 3628 Deo.

283 3666 405 3731 Multus
428 3667 475 3731 ibi
499 3668 616 3752 Moses,
639 3667 684 3732 ibi
709 3668 798 3733 caclo
821 3680 933 3755 gratus
957 3669 1077 3754 Aaron,

338 3774 461 3838 Lecta³
484 3774 529 3839 ibi
555 3774 728 3840 caelicolae
752 3786 859 3840 cetera
882 3775 979 3842 turba
1001 3775 1122 3858 Patris3

284 3880 425 3944 Pulchra
449 3881 513 3945 Dei
536 3881 663 3968 eloquia
687 3892 718 3946 ct
741 3882 833 3967 regni
856 3883 1014 3969 promissa
1037 3885 1200 3969 perennis.

203 4009 250 4051 ac.
334 3988 426 4053 Haec
448 3990 570 4075 primus
594 3990 677 4053 inter
700 3989 804 4076 prima
828 3989 940 4053 futura
963 3989 1072 4076 dapes,

286 4280 292 4308 ¹
316 4283 353 4329 Ex
374 4288 449 4330 msto.
470 4281 617 4331 cornicensi
638 4298 680 4347 pg.
702 4280 814 4334 74-79.

285 4367 373 4419 ’ursa
395 4370 533 4434 „sophos
564 4372 611 4419 Est
638 4379 727 4420 autem
753 4371 888 4421 sollemnis
914 4387 965 4419 vox
990 4371 1158 4435 sapientibus
1181 4371 1310 4423 sententiis

178 4460 389 4510 assentientium.

285 4546 296 4577 ⁸
314 4550 361 4599 Ex.
382 4564 406 4600 v.
427 4548 479 4602 120
498 4551 612 4614 reposui3
633 4566 693 4599 mss.
713 4550 794 4601 dicta.
