3016 5310
183 684 272 739 tosre
296 672 513 765 componebat
535 685 566 738 et
590 672 769 760 supplebat,
792 675 838 740 ita
863 685 898 740 ut
919 674 1052 760 quidam
1077 674 1329 762 falsigenuinis

183 780 321 847 admixti
345 781 380 845 in
405 779 550 846 codicem
581 782 652 847 eius
681 781 871 868 irrepserint
902 781 1000 864 (conl.
1024 783 1072 867 11,
1096 783 1171 863 220,
1194 782 1269 847 adn.
1293 785 1328 863 23

183 888 256 972 aab,
287 886 365 952 adn.
389 891 422 968 ὃς
446 888 523 974 488,
552 887 626 953 adn.
651 891 693 970 1).
732 889 825 969 Quae
848 910 923 954 cum
951 890 997 955 ita
1024 898 1147 971 esseut,
1179 889 1327 955 ordinem

183 995 407 1082 rationemque
429 994 600 1061 codicibus
621 994 777 1063 traditam
801 996 891 1082 sequi
915 998 949 1065 in
973 995 1035 1062 hac
1058 995 1200 1061 editione
1223 1017 1328 1082 neque

182 1101 300 1185 debui,
330 1124 436 1188 neque
458 1102 564 1188 potui,
596 1104 785 1189 praesertim
809 1125 883 1169 curn
908 1113 1050 1169 exstaret
1081 1104 1184 1190 ipsius
1211 1103 1328 1191 Royuii

182 1210 404 1279 testimouium
428 1208 470 1274 de
493 1207 587 1275 libris
609 1232 742 1275 suorum
767 1211 1048 1296 epigrammatum,
1070 1211 1125 1297 qui
1149 1211 1185 1277 in
1207 1211 1327 1275 nostris

182 1313 275 1382 fibris
300 1338 406 1404 neque
428 1338 565 1402 usquam
589 1315 845 1402 distinguuntur,
869 1340 973 1404 neque
996 1339 1070 1383 cum
1095 1316 1152 1381 illa
1175 1319 1209 1381 in
1226 1317 1326 1383 libros

181 1421 333 1491 Otiorum
356 1423 518 1490 divisione
541 1434 617 1510 apta
647 1425 772 1489 ratione
802 1425 951 1510 componi
979 1425 1224 1510 consociarique
1254 1447 1330 1510 pos·

181 1540 265 1595 aunt
305 1531 519 1616 Epigramma
542 1532 629 1596 enim
653 1530 695 1596 ad
719 1530 936 1616 astrologum,
967 1531 1129 1616 agricolas
1153 1531 1256 1597 filiurn
1285 1530 1326 1594 ad

183 1636 307 1706 calcem
331 1639 488 1705 carminis
510 1637 714 1704 tumultuarii
745 1637 904 1703 adversus
935 1637 1132 1724 astrologum
1164 1637 1326 1724 quendam

182 1746 270 1832 typis
293 1744 419 1811 editum
442 1746 482 1829 (Ι,
504 1747 579 1826 251,
602 1745 677 1809 adu.
695 1749 711 1810 l
730 1774 773 1802 =
789 1746 835 1829 ΙΙ,
857 1746 931 1828 428,
952 1744 1026 1811 adn.
1042 1746 1075 1826 2)
1099 1746 1168 1831 ipse
1183 1745 1326 1833 Royaius

182 1851 353 1921 adnotavit
375 1875 419 1917 ex
441 1854 535 1919 tortio
551 1853 833 1939 Epigrammatum
850 1874 983 1918 suorum
999 1851 1084 1917 libro
1100 1851 1326 1941 depromptum
1419 1855 1422 1860 '

182 1981 260 2024 essa
293 1959 339 2025 At
361 1959 396 2022 in
420 1957 511 2025 libris
535 1958 601 2024 illis
624 1960 772 2026 Otiorum
798 1958 1011 2046 manuscripti
1034 1958 1246 2044 cornicensis,
1271 1959 1327 2044 qui

184 2064 270 2131 aolus
292 2065 380 2131 banc
403 2079 527 2154 partem
552 2067 706 2149 servavit,
730 2068 937 2132 continentur
960 2065 1101 2152 plurima
1123 2065 1328 2151 elegantissi·

185 2196 299 2260 niaque
322 2174 566 2260 epigrammata
590 2196 673 2260 quas
697 2171 828 2238 abillis
852 2175 1134 2260 Epigrammatum
1160 2172 1252 2245 libris
1268 2172 1326 2237 vix

184 2280 296 2349 Quae
330 2291 511 2368 potueruut.
555 2282 589 2348 si
623 2282 811 2367 quievero
846 2281 1028 2366 suspicetur
1062 2280 1190 2346 eosdem
1227 2279 1327 2345 libros

184 2387 349 2477 aRoyzio
372 2388 427 2457 vel
449 2387 598 2456 Otiorum
623 2387 675 2452 vel
707 2389 988 2474 Epigrarnmatum
1020 2389 1149 2455 nomine
1180 2409 1250 2452 esse
1277 2388 1327 2451 in·

185 2497 331 2583 aeriptos,
360 2495 439 2562 huic
461 2496 657 2583 respondere
688 2495 772 2579 licet,
804 2495 890 2562 idem
922 2495 1004 2563 illud
1035 2497 1236 2582 epigramma
1267 2494 1326 2579 „ln

183 2601 401 2688 astrologum“
428 2603 492 2688 legi
516 2605 549 2669 in
573 2626 612 2667 ea
634 2615 724 2689 parte
749 2604 917 2688 utriusque
941 2603 1015 2668 libri
1040 2603 1266 2688 manuscripti,
1294 2612 1326 2667 et

183 2711 383 2777 auraicensis
406 2722 438 2775 et
460 2709 624 2793 ossolinei,
647 2733 731 2797 quae
754 2710 901 2776 Otiorum
919 2710 1012 2776 libris
1028 2710 1156 2777 debitos
1171 2709 1326 2774 terminos

182 2816 295 2904 procul
319 2816 420 2883 dubio
442 2817 589 2884 execdat.
627 2819 741 2903 ltaque
768 2827 801 2882 et
824 2816 1039 2883 dubitandum
1064 2840 1128 2882 uon
1152 2827 1215 2898 est,
1247 2817 1326 2902 quin

183 2925 249 3011 ipae
269 2925 415 3012 Royzius
432 2926 578 2990 carmina
593 2947 652 2989 sua
669 2925 702 2988 in
719 2924 857 2990 otiorum
874 2925 1209 3010 epigrammatumque
1225 2923 1326 2988 libros

182 3030 379 3111 distinxerit,
403 3043 435 3098 et
457 3033 584 3097 restitui
607 3054 678 3096 eam
704 3031 898 3099 divisionem
914 3031 965 3096 his
981 3031 1123 3110 auxiliis,
1146 3031 1336 3117 quaemihi

182 3149 311 3225 praesto
327 3140 402 3223 sint,
425 3161 490 3202 non
506 3162 601 3225 posse
617 3148 742 3205 certum
753 3138 869 3204 habeo,
893 3138 1021 3218 Quibus
1039 3139 1203 3203 decausis
1220 3161 1324 3202 meam

179 3247 220 3312 ad
244 3268 357 3312 rerum
382 3246 508 3332 copiam
532 3246 854 3331 diversissimamquc
878 3256 1026 3311 naturam
1047 3245 1323 3313 accommodatam

181 3355 350 3437 rationem,
374 3376 438 3440 qua
461 3376 539 3439 prae
562 3355 678 3419 ceteris
702 3354 924 3440 perspicuitati
948 3353 1149 3418 consuluisse
1173 3376 1224 3417 mc
1248 3375 1326 3418 con-

179 3461 253 3544 fido,
278 3462 313 3527 in
337 3459 473 3527 edendis
496 3460 547 3526 his
571 3462 771 3526 carminibus
796 3471 926 3524 secutus
951 3484 1031 3526 suru.
1055 3463 1207 3527 Ceterum
1227 3461 1325 3525 etiarn

181 3579 374 3656 temporum,
405 3569 523 3654 quibus
547 3568 676 3655 singula
700 3569 823 3654 scripta
846 3579 931 3651 sunt,
959 3579 1118 3654 quantum
1149 3569 1231 3632 ratio
1253 3590 1326 3633 mea

181 3677 368 3763 patiebatur
390 3689 422 3741 et
446 3675 562 3740 idonea
585 3677 768 3740 testimonia
800 3674 853 3740 vel
884 3675 1005 3738 iudicia
1036 3674 1260 3761 suppetebant,
1291 3675 1325 3738 in

181 3783 376 3849 ordinandis
399 3783 599 3848 carminibus
623 3784 759 3868 respexi.

450 4157 498 4214 Vl.
526 4156 634 4227 uoyzu
657 4156 801 4214 carmina
821 4155 1050 4214 aestimantur.

289 4318 348 4388 Ad,
366 4320 482 4408 Royzii
506 4321 653 4387 carmina
676 4321 861 4385 accuratius
884 4318 1087 4384 aestimanda
1110 4321 1177 4385 iarn
1196 4317 1327 4384 accede.

188 4424 232 4490 ua
255 4426 392 4514 explent
411 4426 598 4514 quindecim
624 4427 692 4493 fere
717 4425 842 4495 milium
872 4439 903 4491 ct
927 4436 1145 4491 trecentorum
1171 4446 1325 4490 versuum

189 4554 367 4618 numerum,
392 4535 448 4620 qui
471 4535 532 4601 etsi
557 4533 652 4619 louge
675 4533 767 4599 abest
790 4533 831 4599 ab
854 4533 920 4599 illis
943 4532 1048 4601 Filelfi
1073 4555 1227 4599 versuum
1252 4557 1325 4621 ruy-
