3016 5310
679 475 837 514 enarrarre
1268 463 1332 519 bul

295 672 324 734 1.
348 670 400 734 De
423 680 580 756 apparatu
605 672 793 758 nuptiarum
815 670 1018 757 Sigismundi
1043 672 1184 756 Augusti
1207 684 1238 736 ct
1262 671 1333 739 Elin

189 774 280 841 sabee
304 775 343 859 (Ι,
366 778 526 857 29-41);
563 778 594 847 2.
617 778 757 849 Carmen
783 776 919 843 funebre
946 779 980 842 in
1005 778 1094 847 obitu
1119 776 1268 843 Gamrati
1291 778 1330 861 (Ι,

188 882 346 964 93-98);
369 884 399 947 4.
423 882 475 949 Ad
492 881 686 966 Samuelem,
709 885 898 970 episcopum
914 886 1157 952 cracoviensem
1178 883 1330 969 designa-

188 998 253 1055 tum
277 988 319 1072 (Ι,
343 990 545 1073 227-230);
568 993 599 1056 4.
622 990 763 1057 Carruca
786 990 1035 1061 tumultuarium
1052 991 1212 1059 adversus
1227 1003 1329 1056 astro-

187 1093 295 1180 logum
318 1094 482 1181 quendam
505 1098 544 1182 (1,
567 1099 770 1178 251-257);
793 1099 824 1163 b.
844 1097 896 1163 Ad
913 1096 1084 1163 Nicolaum
1101 1097 1328 1167 Radivilonem

186 1201 432 1289 epithalamium
454 1203 493 1286 (Ι,
517 1206 674 1286 72-79);
706 1206 735 1270 6.
759 1203 877 1277 inclito
904 1204 1082 1284 Quiritium
1112 1205 1182 1290 regi
1213 1203 1329 1275 Ferdi·

186 1309 293 1377 nando
316 1311 351 1374 in
374 1309 472 1377 divae
495 1312 644 1397 coniugis
667 1313 783 1379 Annae
799 1311 888 1379 obitu
905 1312 961 1395 (11,
977 1313 1179 1395 309-3lb);
1204 1314 1234 1379 7.
1249 1312 1328 1379 (lar-

187 1439 256 1487 men
282 1417 327 1482 de
348 1428 406 1483 sto.
429 1419 581 1504 pontifice
604 1440 699 1485 caeso
722 1420 792 1485 sive
808 1418 990 1487 Stanislaus
1006 1420 1044 1503 (Ι,
1061 1421 1196 1499 3-16);
1221 1419 1250 1483 8.
1268 1419 1328 1482 Hi-

185 1526 283 1589 storia
307 1524 456 1590 funebris
480 1527 514 1590 in
537 1525 628 1591 obitu
652 1526 721 1590 divi
746 1526 959 1611 Sigismundi,
981 1527 1215 1597 Sarmatiarum
1240 1527 1327 1611 regis

185 1631 221 1715 (Ι,
244 1633 428 1715 99-117);
452 1636 482 1698 9.
505 1633 611 1698 Nauia
627 1634 660 1697 in
678 1633 792 1698 funere
809 1634 969 1700 Samuelis
984 1634 1144 1698 Maccovii
1162 1634 1200 1717 (Ι,
1218 1635 1326 1699 118-

189 1739 274 1820 125),
301 1739 352 1807 10.
377 1738 429 1814 Ad
452 1739 700 1824 sigismundum
724 1742 910 1826 Augustum
935 1763 1044 1826 regem
1064 1760 1196 1806 carmen
1213 1762 1327 1804 arneo-

185 1844 336 1911 latorium
359 1846 397 1930 (Ι,
420 1848 623 1928 217-223);
658 1851 707 1913 11.
734 1846 788 1911 Ad
810 1869 960 1933 proceres
985 1847 1122 1913 Polonos
1150 1847 1190 1912 de
1214 1848 1328 1912 matri·

186 1954 290 2022 monio
314 1955 405 2038 regio
429 1954 467 2037 (Ι,
493 1955 694 2036 197-208);
727 1957 776 2019 12.
808 1956 859 2020 Dc
882 1964 1040 2040 apparatu
1064 1955 1249 2040 nuptiarum
1275 1953 1327 2020 Si-

185 2060 349 2144 gismundi
375 2062 515 2147 Augusti
538 2063 625 2147 regis
647 2077 679 2127 ct
702 2061 898 2130 (lutharinae
922 2063 960 2145 (Ι,
984 2064 1141 2140 til-ela
1178 2063 1225 2127 13.
1248 2061 1325 2130 Chi·

187 2165 355 2233 liastiehon
379 2169 418 2251 (Ι,
443 2170 643 2251 lea-teet
678 2172 728 2234 14.
759 2169 899 2235 Carmen
931 2169 1069 2234 funebre
1099 2170 1132 2232 in
1161 2168 1252 2233 obitu
1280 2168 1324 2232 Io.

186 2273 342 2340 Tarnovii
365 2276 403 2359 (Ι,
430 2277 627 2358 lae-133).

287 2382 445 2449 Carmina
467 2383 566 2448 huius
587 2384 712 2448 ordinis
735 2387 766 2466 A
790 2387 820 2467 5,
844 2394 940 2470 atque
964 2388 981 2450 Ι
1007 2395 1120 2450 carent
1143 2385 1228 2448 notis
1246 2384 1325 2448 anni

184 2488 318 2577 locique,
340 2490 460 2576 quibua
483 2491 572 2556 edita
594 2505 682 2576 sunt,
713 2504 857 2578 tempora
880 2505 988 2574 tamen
1012 2513 1123 2557 eorum
1148 2489 1245 2554 facile
1268 2489 1325 2555 dc-

185 2596 267 2662 finiri
291 2621 387 2685 posse
404 2599 437 2662 iu
454 2598 596 2665 editione
612 2599 738 2665 idoneis
753 2598 834 2665 locis
850 2600 984 2685 exposui
1002 2598 1098 2680 (coni.
1114 2595 1324 2663 Kwartalnik

184 2703 404 2794 historyczny,
428 2707 538 2772 waw
564 2707 659 2791 1898,
683 2707 726 2788 ΙΙ,
751 2730 801 2792 pg.
818 2708 881 2772 301
900 2711 988 2792 sqq),
1010 2706 1190 2772 Oracoviac
1206 2716 1324 2789 autem,

183 2813 266 2878 aaut
289 2825 408 2896 cetera
432 2813 530 2878 etiam
553 2835 592 2879 ea
615 2812 741 2899 prelum
764 2813 904 2878 subiisse
929 2812 1106 2879 verisimile
1121 2823 1178 2878 est.
1203 2813 1323 2879 Exem-

183 2919 328 3006 plaribus
351 2942 464 2985 corum
496 2943 575 2985 usus
606 2944 679 2984 sum
708 2922 742 2985 in
775 2919 972 2986 bibliotheca
1001 2920 1161 2984 ossolinca
1190 2919 1322 3006 Leopoli

181 3028 359 3093 asservatis
391 3040 518 3112 praeter
548 3029 746 3093 carminis3
778 3038 874 3113 atque
908 3029 957 3110 12,
988 3049 1070 3112 quac
1093 3027 1254 3094 Cracovia
1281 3048 1323 3093 cx

181 3133 378 3201 bibliotheca
394 3134 513 3199 ducum
530 3135 741 3222 Gzartoryski
758 3136 792 3199 in
809 3157 904 3200 usum
920 3157 1027 3199 mcum
1044 3135 1155 3199 ascivi.
1176 3133 1322 3197 Adhibui

179 3243 275 3307 etiam
302 3242 600 3329 czartoryscianum
618 3241 785 3328 exemplar
800 3241 935 3306 alterius
950 3241 1103 3306 editionis
1119 3240 1274 3305 carminis
1293 3243 1321 3305 1.

180 3348 331 3414 Ceterum
349 3348 515 3435 exemplar
531 3350 827 3436 csartoryscianum
845 3349 999 3414 carminis
1015 3347 1058 3410 ad
1074 3346 1257 3414 Sanruelem
1267 3349 1322 3430 (3),

178 3455 265 3542 quod
289 3455 395 3520 solum
419 3455 498 3519 mihi
523 3457 671 3539 innotuit,
695 3456 803 3522 media
826 3468 917 3542 parte
940 3465 1127 3520 truncatum
1150 3466 1207 3519 est.

287 3564 420 3628 Praeter
453 3562 535 3628 haec
570 3564 693 3627 maiora
727 3562 830 3627 multa
865 3564 990 3633 minora
1024 3563 1139 3649 Royzii
1174 3564 1322 3628 carmina

178 3671 363 3758 aequalium
388 3669 588 3735 carminibus
619 3693 661 3735 cx
692 3670 926 3735 consuetudine
957 3671 1110 3755 temporis
1142 3668 1230 3733 illius
1260 3670 1321 3733 im-

178 3781 292 3856 mista,
316 3788 382 3861 aut,
406 3788 441 3841 ut
464 3779 652 3864 saepissime
676 3777 806 3858 accidit,
837 3779 1017 3842 amicorum
1040 3777 1132 3841 libris
1156 3798 1321 3843 coniuren-

179 3883 320 3951 dationis
351 3884 423 3948 loco
454 3886 630 3970 praemissa
661 3884 714 3950 vel
745 3884 787 3948 ad
811 3883 933 3949 calcem
965 3883 1094 3966 addita,
1124 3884 1158 3946 in
1186 3881 1321 3948 Polonia

178 3991 369 4058 edebantur.
392 3991 444 4055 Ex
467 3991 528 4056 boc
551 4014 670 4077 genere
685 3993 893 4057 innotuerant
909 3991 988 4056 mihi
1004 3990 1096 4055 haec:
1121 3994 1152 4068 a)
1168 3990 1321 4057 Andreae

179 4099 280 4167 Frisii
312 4098 474 4163 Modrcrii
504 4101 607 4164 (aratio
638 4100 783 4164 monada
813 4099 854 4163 dc
886 4122 988 4185 poena
1012 4098 1195 4177 homicidii,
1228 4099 1321 4165 Grac.

181 4208 267 4275 1545
298 4206 359 4291 (ΙΙ,
391 4208 454 4272 207
480 4213 550 4292 sq.);
582 4207 615 4285 b)
646 4206 835 4273 Rubrioalla
865 4208 1087 4272 cracoviensis
1117 4207 1321 4294 quottidiana

180 4335 206 4381 a.
232 4315 318 4379 1546
343 4313 399 4395 (Π,
422 4316 474 4396 54,
498 4315 567 4397 ΙΙΙ,
596 4315 652 4379 ubi
677 4313 759 4378 salso
783 4325 913 4380 notatur
944 4339 971 4378 a.
998 4317 1108 4394 1564);
1141 4320 1171 4397 c)
1196 4315 1321 4401 Hymni

180 4420 301 4507 aliquot
331 4419 557 4505 ecclesiastici,
589 4421 681 4488 Orac.
714 4424 800 4489 1548
832 4423 893 4506 (ΙΙ,
924 4425 987 4489 351
1014 4427 1084 4509 sq.);
1116 4422 1150 4502 d)
1182 4423 1320 4487 Ioannes

181 4527 312 4615 Longus
324 4528 471 4612 Silcsius,
482 4530 672 4597 Garminum
686 4530 865 4619 lyricorum
877 4530 969 4615 liber,
981 4533 1149 4617 Augustae
1159 4528 1321 4597 Vindelic.
