3016 5310
676 456 752 492 mm
772 458 860 492 80le

198 441 389 548 “A-22.

304 651 470 734 Crueoviu,
493 649 642 714 sublimis
665 672 756 738 equo,
779 650 882 714 rnulto
905 651 1015 736 gravis
1038 670 1119 714 euro

304 755 522 844 Gemmisq'ne,
546 756 710 821 aethereos
732 756 828 842 longe
852 756 1051 843 spirantibus
1074 756 1177 843 ignes.

303 856 401 928 illurn
418 864 590 928 sarmatici
612 872 761 950 p'roeeres
783 864 971 950 equitesque
994 872 1185 951 sequuntur,

303 970 395 1034 Milia
419 980 496 1056 quot
521 991 689 1057 nunquam
703 979 788 1033 ‘sunt
810 970 882 1033 istis
905 971 976 1033 visu
1000 969 1060 1033 'sub
1083 970 1159 1034 oris.

221 1099 269 1141 so.
391 1076 488 1140 Illum
511 1078 640 1163 pruteni
664 1076 734 1139 du'x
757 1078 897 1162 optimus
921 1076 1008 1140 orbis
1019 1081 1039 1160 1,
1062 1075 1228 1142 Aoltillem

303 1183 369 1262 Qui
392 1192 533 1269 praestet
556 1183 756 1269 Martemque
779 1184 888 1268 ipsum
911 1183 1050 1248 debellet
1073 1185 1108 1246 in
1132 1185 1242 1269 ermis,

304 1291 439 1352 Armuto
463 1290 607 1376 sequitur
630 1290 801 1353 comitatus
824 1289 934 1373 milite,
958 1291 1075 1355 cristae

304 1395 386 1474 Quis
411 1396 516 1482 eapite
539 1395 694 1481 effulgent
717 1395 813 1482 longe
836 1397 974 1483 conique
996 1406 1176 1479 eomsntes3

302 1502 372 1566 Nee
394 1501 531 1567 bellator
553 1524 655 1589 equus
679 1524 834 1566 sessorem
859 1512 964 1590 portet
986 1503 1129 1567 inermis.

221 1630 271 1674 ss.
392 1607 466 1673 Ibat
489 1619 520 1672 et
542 1607 620 1673 huie
644 1631 751 1673 eomes
773 1609 909 1673 illustris
932 1609 1127 1675 Gumruteus
1150 1608 1256 1695 heros,

302 1715 364 1781 Cui
389 1714 466 1778 urbs
489 1714 570 1779 haee
592 1716 722 1778 mitrum
754 1715 809 1779 dut
833 1715 1031 1803 Gneznaque
1054 1716 1198 1803 pullion²
1221 1715 1337 1802 addin,

306 1860 349 1868 -
373 1821 479 1885 Rurus
502 1820 613 1906 honos,
636 1833 666 1885 et
691 1823 746 1908 qui
769 1824 828 1886 vix
851 1824 908 1886 uni
932 1824 1067 1908 contigit
1089 1823 1177 1908 olim,
1202 1862 1245 1872 -

303 1927 377 1992 Ibat
400 1928 538 2014 fulgenti
561 1928 626 1993 late
650 1930 823 1992 eomitante
847 1940 987 2012 osterum,

304 2035 420 2118 Quum,
443 2034 545 2099 multo
569 2034 791 2121 splendentem
815 2058 903 2120 suro,
930 2046 1128 2122 argentoque
1151 2037 1317 2122 nitentem,

198 2164 267 2206 roo.
298 2142 398 2205 Ferre
422 2141 507 2206 oeuli
532 2152 694 2228 nequeunt
718 2153 922 2228 spectantum
945 2151 1042 2229 utque
1065 2165 1121 2207 ora
1143 2145 1239 2208 tueri.

391 2249 463 2312 Non
487 2248 541 2312 hio
565 2248 652 2311 furna
676 2249 791 2334 ingens
813 2249 975 2336 rebusque
997 2251 1160 2335 ingentior
1182 2251 1273 2337 ipsis,

301 2354 384 2418 Belli
408 2355 528 2437 horror,
552 2356 720 2441 saevisque
744 2354 830 2419 idem
854 2357 942 2420 lllurs
966 2357 1048 2421 ulter
1070 2358 1104 2420 in
1129 2359 1230 2421 urinis

300 2459 507 2524 Turnosehus
531 2460 649 2545 deerat,
673 2484 738 2524 non
760 2460 814 2525 hio
837 2463 1038 2527 Turnosohiu
1059 2463 1163 2549 pubes
1172 2467 1194 2548 ⁴,

299 2566 390 2645 Quae
415 2589 540 2652 semper
563 2568 671 2631 fremit
695 2589 785 2630 unna
808 2579 839 2632 et
862 2579 927 2634 toto
950 2580 1078 2656 peetore
1103 2571 1244 2655 quaerit3

195 2694 263 2736 105.
295 2673 423 2735 Lunum
446 2675 563 2737 etenim
588 2683 620 2738 et
644 2697 741 2760 supra
765 2675 945 2741 rudiunt-em
969 2675 1115 2740 erinibus
1139 2678 1248 2741 aureis

298 2780 337 2842 ln
361 2778 457 2864 longu
481 2790 588 2844 turma
611 2784 830 2868 comitatuque
854 2805 926 2847 uere
950 2804 1084 2848 eorusoo

295 2886 469 2972 Prospeoto
493 2887 628 2971 stellam,
653 2888 748 2973 louge
772 2899 803 2952 et
828 2888 1051 2975 splendescere
1074 2911 1181 2954 cerne.

389 2994 453 3058 Hie
476 3017 579 3079 genus
603 2996 769 3080 egregium
793 2995 942 3060 Gorehse
966 3019 1029 3060 non
1053 2996 1171 3061 defuit:
1195 2995 1290 3062 heros

297 3099 446 3164 Andreas
458 3103 479 3182 ⁶,
504 3100 625 3165 ditione
647 3113 761 3187 potens
784 3112 815 3165 et
839 3102 976 3165 fortibus
1000 3103 1107 3166 urinis.

194 3228 263 3269 110.
295 3206 449 3270 Vestibus
472 3206 561 3272 hune
585 3209 672 3291 utris,
696 3209 784 3272 tenui
809 3231 889 3294 quus
914 3217 1046 3273 neverat
1067 3232 1123 3275 ore

295 3312 462 3375 Pendulus
486 3313 619 3377 urbuteo
642 3316 676 3376 in
700 3336 789 3379 mmo
814 3315 914 3379 denso
937 3317 1066 3400 agmine
1088 3315 1246 3405 bombyx,

295 3418 415 3504 Sponte
441 3442 500 3483 suu
523 3420 694 3485 includens
717 3421 859 3485 tenebris
884 3445 917 3486 se
941 3433 971 3487 et
995 3445 1125 3488 osroere
1149 3445 1258 3509 eseeo,

297 3612 304 3640 ¹
325 3613 459 3677 tilbertus,
485 3615 599 3680 Sophiae
619 3616 716 3665 sororis
736 3632 880 3681 germanae
899 3617 1062 3683 sigismundi
1086 3619 1098 3667 l
1118 3618 1279 3669 Polonorum
1298 3636 1344 3670 rs·

183 3702 225 3768 gis
246 3701 324 3765 filius,
344 3704 445 3768 primus
464 3703 642 3754 hereditarius
663 3707 838 3754 l'rutenorum
858 3706 910 3754 dux
936 3714 963 3755 et
982 3706 1064 3772 regni
1087 3706 1215 3759 Poloniae
1240 3709 1337 3763 eliens.

294 3788 304 3818 ²
323 3793 444 3842 abutitur
463 3793 490 3841 in
510 3793 560 3843 huo
581 3810 645 3843 voce
666 3794 852 3844 terminatione
871 3811 977 3860 graeca,
1003 3795 1113 3860 pallium
1133 3797 1205 3847 enim
1231 3814 1248 3847 a
1271 3813 1341 3862 pun·

183 3879 271 3929 dendo
291 3880 437 3930 derivetur.

294 3967 417 4019 BPetrus
438 3970 551 4020 Gumrat
570 3971 640 4020 enim
659 3971 720 4021 inde
746 3974 789 4022 ub.
817 3988 841 4022 a.
864 3970 932 4023 telo
957 3973 1074 4038 episcopi
1093 3973 1283 4025 cracoviensis
1309 3982 1339 4026 et

182 4056 378 4123 archiepiscopi
400 4060 563 4108 Gnesnensis
582 4076 692 4110 munere
712 4062 883 4126 fungebatur.

294 4144 303 4171 ⁴
325 4148 436 4195 loannes
456 4147 670 4212 christophorus,
692 4149 785 4199 ultima
803 4150 883 4199 liuius
897 4151 1089 4200 Turnoviorum
1104 4151 1195 4217 stirpis
1209 4152 1336 4203 muscula

180 4232 274 4298 proles
294 4236 336 4285 ob.
357 4251 381 4283 a.
405 4234 479 4285 1567.

289 4319 438 4372 ‘’Aridrens
458 4323 558 4389 Gerus,
587 4333 641 4373 tum
667 4326 831 4376 castellanus
851 4327 1038 4377 l’osnuniensis
1065 4335 1091 4378 et
1117 4329 1234 4395 Magnae
1257 4330 1337 4381 ΡοΙο·

179 4410 242 4460 niue
262 4411 313 4460 dux
333 4412 390 4462 sive
410 4430 526 4462 summus
548 4416 707 4478 praefectus.
737 4416 816 4466 Pater
836 4417 893 4465 sius
914 4418 1008 4473 bueus,
1033 4431 1065 4467 ex
1090 4417 1212 4483 palatino
1232 4421 1338 4470 Pounn-

117 4539 122 4547 .
178 4498 267 4548 niensi
286 4500 425 4566 episcopus
445 4502 613 4552 Cuiatiensis
634 4504 722 4553 fuctus
742 4505 785 4555 ob.
804 4521 828 4556 u.
852 4502 928 4557 1542.
