3016 5310
660 475 816 509 sutsstrro.
1194 461 1310 510 LXXIX

169 669 283 757 Angeli
322 669 481 735 Poliziani
526 669 562 732 in
600 669 776 755 imaginem
821 669 982 734 formosae
1024 668 1153 757 puellae
1191 670 1311 755 scripto

166 777 329 863 (Autolog.
354 776 385 841 d.
408 776 459 843 lir.
481 776 536 841 lat.
558 800 612 864 pg.
635 777 700 859 39).
730 777 849 841 Latina
872 777 1019 842 carmina
1042 776 1251 861 Polonornm,
1276 786 1311 840 ut

165 884 254 951 Pauli
286 884 497 970 Orosnensis,
532 884 660 970 lanitii,
691 885 808 968 Oricii,
839 885 990 948 Dantisci
1021 894 1158 948 noverat
1188 883 1310 970 absque

164 991 261 1058 dnbio
285 991 446 1080 Royzius,
470 1015 630 1078 nusquam
653 1002 762 1057 tamen
786 1014 897 1057 corum
922 992 1117 1056 mentionem
1142 990 1230 1074 facit,
1253 1013 1310 1055 ne-

164 1097 240 1163 ‹lnm
264 1122 322 1164 eos
344 1098 537 1184 imitaretur,
559 1122 640 1186 quos
664 1101 692 1164 si
715 1122 780 1163 non
803 1099 943 1184 ingenio,
966 1108 1000 1162 at
1021 1108 1106 1163 certe
1126 1097 1309 1163 eruditione

164 1205 405 1294 multiplicique
428 1207 564 1272 scientia
587 1217 763 1293 superaret.

267 1313 422 1400 Denique
446 1315 493 1378 sic
516 1313 626 1379 iudico
648 1313 809 1402 Royzium
832 1336 897 1377 non
918 1313 1023 1377 solum
1039 1322 1192 1377 accurato
1208 1313 1309 1376 animi

164 1419 250 1485 cultu
276 1421 498 1508 scientiaeque
522 1421 631 1507 copia,
663 1420 842 1485 sedetiam
866 1419 1025 1484 librorum
1052 1420 1309 1506 conscriptorum

164 1549 299 1592 numero
324 1529 409 1592 inter
432 1528 544 1593 doctos
568 1537 741 1615 poetasque
764 1527 853 1592 illius
877 1528 951 1592 aevi
982 1528 1016 1590 in
1047 1526 1182 1592 Polonia
1212 1526 1310 1591 facile

164 1635 358 1722 primarium
381 1636 626 1723 principemque
649 1637 792 1700 tenuisse
815 1635 931 1720 locum,
956 1635 1087 1720 ingenio
1110 1645 1218 1698 tamen
1235 1656 1310 1720 poe-

163 1743 225 1807 tico
248 1742 491 1829 latinorumque
516 1744 698 1808 carminum
722 1742 883 1828 elegantia
914 1753 1010 1829 atquc
1034 1751 1203 1805 venustate
1230 1763 1310 1826 qua-

166 1849 337 1914 damtenus
361 1851 500 1914 cessisse
523 1849 699 1935 nonnullis,
723 1861 758 1913 ut
781 1848 988 1916 Cochanovio
1012 1849 1139 1936 ipsique
1158 1847 1310 1912 Andreae

164 1955 318 2021 Tricesio.

268 2062 367 2144 Quod
392 2064 476 2129 inter
499 2075 610 2151 poetas
634 2063 760 2148 latinos,
783 2063 824 2127 de
848 2064 966 2149 quibus
988 2062 1090 2126 refert
1105 2060 1210 2124 Lilius
1227 2059 1311 2126 Gre-

165 2171 275 2254 gorius
291 2168 470 2259 Gyraldus,
486 2172 614 2238 (iricius
629 2170 783 2235 laudatur
799 2172 863 2254 (De
882 2171 985 2256 poetis
1005 2168 1054 2234 cd.
1066 2167 1189 2233 Wotkc
1205 2166 1310 2233 Berol.

168 2277 261 2363 1894,
286 2301 339 2364 pg.
364 2279 430 2362 69),
453 2277 570 2367 Royzii
594 2301 671 2343 vcro
695 2300 811 2343 nomen
828 2277 1042 2361 desideratur,
1066 2298 1143 2341 casu
1160 2275 1310 2340 evenisse

165 2395 249 2470 puto,
281 2383 404 2471 prodiit
434 2387 522 2449 enim
552 2384 636 2450 liber
666 2384 809 2472 Gyraldi
839 2384 1024 2449 Florentiae
1055 2406 1083 2448 a.
1117 2384 1211 2465 1551,
1245 2405 1309 2468 quo

165 2501 308 2578 tempore
337 2491 455 2581 Royaii
486 2494 671 2558 carminum
701 2493 735 2556 in
766 2491 902 2556 Polonia
932 2492 1128 2578 scriptorum
1156 2489 1244 2554 fama
1267 2489 1309 2554 ad

166 2596 262 2663 Italos
287 2598 435 2663 nondum
459 2600 646 2687 pervenisse
670 2599 813 2680 videtur3
838 2610 925 2664 certe
948 2597 1117 2686 Gyraldus
1140 2619 1182 2660 ne
1199 2597 1310 2661 lanitii

165 2704 294 2790 qnidam
319 2704 421 2770 ullam
446 2706 523 2771 fecit
546 2706 751 2789 mentionem,
774 2707 829 2792 qui
853 2717 929 2770 ante
947 2705 1109 2794 Royzium
1125 2704 1159 2766 in
1175 2702 1309 2767 Polonia

167 2812 294 2899 scripsit
318 2835 425 2899 neque
448 2814 581 2899 ingenio
605 2824 737 2899 arteque
760 2814 897 2878 inferior
919 2812 1029 2879 Oricia
1052 2820 1211 2876 censetur.
