3016 5310
585 461 619 493 Da·
639 460 746 495 0111811111
764 460 842 496 lunis.

243 651 329 719 Cum
352 651 525 717 fortunatis
548 651 713 717 hominem
737 652 892 719 formaret
915 654 950 721 in
973 655 1062 739 agris

167 781 211 824 rc,
248 759 474 844 Divinumquc
497 758 652 842 animam,
674 780 793 823 munus
818 759 964 845 caeleste,
988 760 1139 845 dedisset,

248 865 362 929 Denso
384 863 478 931 illum
500 863 565 929 late
589 864 771 930 circumdat
795 888 929 953 0000000
951 877 1070 952 000100,

248 970 382 1038 Scilicet
404 981 450 1055 ut,
473 993 571 1035 sensu
593 970 847 1059 haudquaquam
868 972 1086 1060 penetrabilis
1110 974 1189 1060 ipsis

245 1077 399 1165 Corporis
422 1077 553 1143 indiciis
576 1077 783 1164 voluerisque
805 1077 971 1144 volumine
993 1078 1125 1166 linguae

246 1184 314 1251 Sub
338 1195 487 1249 nostrum
510 1195 618 1273 posset
640 1206 771 1249 sensum
794 1196 990 1272 captumque
1012 1186 1132 1252 venire.

164 1315 210 1356 rs.
250 1290 390 1357 Servitio
414 1313 492 1377 ergo
515 1291 643 1355 animus
667 1290 850 1377 defungens
874 1293 985 1358 utitur.
1012 1291 1079 1357 Olli

250 1397 344 1477 Quae
367 1396 510 1482 sedeant,
533 1420 616 1483 quae
639 1420 714 1481 non,
738 1398 840 1483 signis
863 1398 1064 1464 demonstrat
1087 1400 1213 1486 apertis-

248 1504 290 1568 Et
313 1526 384 1570 sese
406 1504 558 1568 humanis
582 1504 792 1569 manifestum
816 1504 964 1571 sensibus
987 1505 1100 1570 infert:

245 1611 322 1678 Sive
346 1609 424 1676 olim
447 1622 530 1676 nutu
550 1610 648 1676 rebus
671 1634 741 1677 rem
764 1611 878 1698 pandit
901 1613 1029 1697 apertis,

246 1717 310 1784 Seu
334 1717 458 1803 frangit
479 1717 594 1803 lingua
617 1717 792 1784 deductam
816 1718 856 1782 ab
879 1728 1010 1803 gutture
1032 1740 1157 1802 000001,

163 1845 210 1889 00.
247 1823 311 1890 Seu
334 1823 452 1889 bifidos
476 1825 607 1910 stringit
630 1824 772 1891 00100000
796 1846 917 1911 perque
940 1825 1015 1888 avia
1038 1823 1128 1889 ducit

245 1929 395 1994 Albentis
420 1932 528 2017 campi
552 1932 665 2018 spatia,
689 1942 721 1996 01
743 1931 882 2016 vestigia
904 1929 1031 2016 linquit,

244 2037 345 2102 Vocis
369 2038 431 2102 iter
452 2037 648 2125 linguaeque
671 2038 832 2103 humanae
855 2039 981 2102 imitata
1003 2038 1157 2124 figuras¹‚

245 2142 339 2223 Quae
362 2143 529 2210 absentem
552 2154 705 2209 moneant
728 2143 805 2208 olim
829 2166 981 2231 serosque
1003 2154 1143 2232 nepotes.

245 2249 366 2314 Vultus
389 2250 477 2315 idem
500 2261 663 2338 nutusque
686 2250 794 2316 valant
819 2261 1060 2337 monstrataque
1082 2251 1211 2336 dextra,

164 2377 211 2421 ss.
246 2357 320 2421 Non
343 2357 519 2423 manifesta
542 2359 660 2442 minus,
684 2357 780 2422 dictis
804 2380 903 2444 quam
927 2358 954 2422 si
978 2380 1034 2422 ora
1056 2356 1210 2423 resolvat.

246 2463 335 2549 Ergo
360 2486 463 2551 nuper
486 2474 556 2529 erat
580 2487 676 2529 sensu
700 2465 756 2550 qui
779 2465 958 2550 impervius
982 2464 1079 2548 omni,

246 2569 468 2656 Spectandum
492 2593 561 2635 sese
584 2593 673 2636 nunc
697 2571 846 2636 sensibus
869 2571 1019 2635 omnibus
1043 2571 1143 2636 infert

246 2676 397 2762 Egregiis
419 2700 528 2742 rerum
552 2677 682 2743 indiciis
707 2679 873 2764 signisque
896 2679 1053 2765 notisque.

546 3191 777 3261 (Fragmentum
797 3190 878 3259 lV¹>.

250 3367 313 3433 Seu
338 3368 412 3450 quis
435 3366 583 3430 honorati
607 3367 743 3430 miratus
767 3367 893 3454 pulpita
916 3368 997 3430 iuris

167 3495 214 3539 60.
248 3473 491 3561 Perplexasque
513 3473 682 3537 hominum
705 3473 777 3538 lites
802 3472 1039 3560 pulchrumque
1062 3473 1206 3538 laborem

249 3580 327 3644 Iura
350 3579 427 3644 clim
451 3591 601 3667 acceptas
627 3580 804 3644 facientum
828 3579 965 3644 reddere
989 3584 1138 3644 sensusz³

248 3684 325 3752 Sive
348 3687 419 3751 soro
442 3688 547 3773 magis
571 3686 707 3751 allectus
732 3688 814 3770 qais,
836 3685 948 3750 litibus
973 3696 1028 3750 aut
1052 3709 1126 3751 cani

248 3792 431 3859 Occursare
455 3794 559 3880 malis,
583 3816 698 3859 sarisas
723 3816 828 3878 agere,
852 3795 991 3881 optimus
1015 3794 1115 3878 ardet,

163 3984 349 3991 ——-——--

250 4079 258 4108 ¹
279 4081 342 4133 1100.
365 4080 513 4141 „humanae
532 4082 605 4131 vocis
624 4082 674 4130 iter
694 4082 755 4144 lqua
774 4081 818 4129 im.
839 4082 884 4129 ff.

249 4166 260 4197 ²
278 4171 338 4221 Hoc
357 4171 537 4238 fragmentum
555 4171 722 4222 desideratur
741 4169 769 4219 in
788 4169 935 4233 Ossclineo‚
955 4170 981 4219 in
1001 4169 1121 4235 proximo
1134 4168 1203 4220 enim
1217 4167 1288 4218 liber

163 4276 198 4311 000
217 4257 325 4311 desinit.

250 4346 261 4375 ⁸
279 4350 376 4416 lunge:
398 4348 553 4414 „perplexas
574 4348 634 4399 lites
648 4348 840 4414 pulchrumque
854 4347 972 4398 laborem
986 4348 1122 4397 homiuum
1138 4347 1286 4398 facientum

163 4438 282 4489 0001100
301 4447 425 4503 acceptos
444 4438 554 4488 reddere
574 4439 682 4488 sensua¹⁴
703 4437 720 4488 i.
740 4455 763 4487 0.
784 4437 975 4502 explicantium
995 4453 1027 4488 ex
1047 4437 1181 4491 cathedris
1196 4436 1286 4501 pristi-

163 4542 203 4578 am
223 4528 289 4576 iuris
309 4527 362 4576 vim
382 4543 413 4578 ac
433 4529 576 4579 notionem.
