3016 5310
318 717 337 755 a
362 704 462 755 morte
486 691 638 757 Oasimiri
664 690 772 775 Magni
798 688 1027 753 destruebatur
1050 690 1142 774 regia
1165 697 1322 774 potestate
1347 687 1462 751 debili-

318 811 393 882 tata,
417 800 560 885 potentia
583 797 742 861 nobilium
765 808 892 882 praeter
916 795 1047 859 modum
1071 807 1175 876 aucta,
1200 794 1393 880 iuribusqne
1417 795 1461 859 ci-

320 907 408 970 vium
435 906 630 971 urbanorum
656 903 811 991 paulatim
834 905 936 966 artius
953 903 1218 988 circumscriptis,
1242 900 1458 988 agricolarum

319 1036 396 1076 vero
420 1012 619 1098 plebeiorum
642 1009 820 1096 glebasque
843 1010 1081 1096 adscriptorum
1107 1009 1174 1074 fere
1195 1010 1342 1093 sublatis,
1366 1012 1412 1073 ita
1427 1024 1459 1073 nt

319 1119 459 1182 dominis
484 1119 516 1180 in
542 1116 690 1204 plebeios,
711 1139 822 1180 servos
839 1141 922 1199 suos,
941 1118 1027 1180 vitae
1043 1118 1195 1202 necisque
1210 1128 1295 1181 esset
1312 1128 1459 1203 potestas,

318 1225 443 1290 nobiles
469 1247 545 1288 vero
568 1247 626 1311 pro
650 1225 766 1287 occisis
790 1225 894 1287 servis
917 1246 1019 1310 parva
1042 1225 1180 1309 pecunia
1202 1222 1343 1287 dominis
1368 1225 1459 1289 satis-

319 1332 427 1396 facere
458 1344 651 1395 tenerentur.
690 1331 766 1394 Pari
799 1331 865 1394 fere
897 1354 935 1394 ac
967 1343 1158 1417 praepotens
1193 1330 1346 1395 nobilitas
1383 1334 1458 1396 iuris

318 1439 509 1504 condicione
534 1440 683 1502 utebatur
703 1437 818 1519 clerus,
843 1439 957 1523 etipse
975 1437 1151 1501 nobilitatis
1168 1439 1283 1521 fautor,
1307 1440 1460 1525 quoniam

319 1545 360 1609 ad
384 1548 506 1610 maiora
531 1546 711 1610 sacerdotia
736 1545 823 1609 haud
849 1544 946 1609 facile
970 1546 1139 1630 qnisquam
1169 1547 1232 1609 nisi
1256 1545 1376 1609 nobilis
1404 1546 1457 1610 ad-

319 1653 515 1717 mittebatur.
547 1653 697 1718 Ceterum
722 1676 841 1737 magna
865 1675 940 1738 pars
964 1651 1132 1737 nobilium,
1157 1655 1189 1715 in
1214 1663 1322 1739 partes
1347 1653 1457 1717 factio-

317 1759 414 1823 nibus
438 1761 620 1846 principum
638 1759 875 1832 distractorum,
900 1771 930 1822 et
948 1758 1151 1823 sacerdotum
1169 1759 1268 1824 officii
1285 1758 1457 1824 oblitorum

317 1869 446 1953 privata
477 1866 618 1952 publicis
650 1867 833 1952 divinisque
865 1866 1102 1952 anteponebant
1139 1866 1189 1930 vel
1221 1865 1325 1953 epulis
1358 1866 1457 1931 dediti

317 1986 497 2059 temporum
522 1973 676 2038 felicitate
701 1974 901 2038 fruebantur.
925 1974 1024 2057 Agris
1049 1972 1188 2059 publicis
1211 1972 1376 2060 plerisque
1395 1974 1457 2038 lar-

316 2082 438 2166 gitione
461 2103 575 2166 regum
600 2082 744 2167 priorum
768 2082 852 2143 inter
875 2079 999 2143 nobiles
1023 2079 1138 2143 divisis
1171 2081 1332 2143 aerarium
1359 2082 1457 2144 vecti-

317 2186 445 2272 galibus
470 2188 683 2273 portoriisque
706 2188 833 2272 exiguis
866 2197 1080 2250 sustentatum
1111 2187 1151 2248 ad
1184 2189 1385 2251 necessarios
1414 2188 1455 2251 rei

316 2293 466 2380 publicae
491 2318 568 2357 usus
592 2295 648 2357 vix
673 2294 868 2373 sufficiebat,
900 2293 985 2357 bello
1011 2294 1110 2378 igitur
1133 2305 1245 2358 exorto
1276 2294 1317 2358 ad
1350 2294 1457 2359 multi-

317 2399 469 2486 plicanda
494 2400 667 2485 vectigalia
691 2399 876 2484 tributaque
901 2401 932 2461 in
959 2399 1077 2462 fundos
1102 2399 1341 2466 ecclesiasticos
1357 2403 1458 2490 impo-

317 2507 423 2571 nenda
446 2507 623 2593 confugere
654 2529 787 2571 necesse
816 2517 901 2590 erat,
933 2529 1015 2590 (quse
1048 2529 1122 2570 cum
1154 2508 1223 2570 sine
1255 2509 1457 2574 comitiorum

316 2614 515 2699 generalium
539 2637 624 2678 nova
648 2637 746 2677 onera
766 2613 953 2699 plerumque
974 2613 1222 2676 detrectantium
1239 2636 1373 2679 assensu
1392 2619 1459 2682 exi-

316 2743 392 2805 gere
416 2723 485 2807 regi
509 2744 572 2785 non
597 2720 718 2805 liceret,
742 2720 827 2785 bella
851 2720 890 2783 ob
916 2720 1071 2805 pecuniae
1088 2721 1255 2806 penuriam
1273 2720 1315 2784 ad
1332 2732 1458 2808 tempus

316 2829 384 2913 geri
409 2829 599 2915 nequibant,
632 2829 841 2913 victoriisque
865 2827 963 2891 claris
988 2828 1157 2913 reportatis
1186 2850 1249 2913 pax
1275 2827 1375 2915 vulgo
1398 2831 1458 2892 ini·

315 2936 387 3021 quis
412 2935 657 3000 condicionibus
681 2934 828 2998 hostibus
853 2933 1100 2998 concedebatur.

422 3042 534 3108 Sedet
558 3044 627 3129 ipsa
653 3044 847 3107 universitas
872 3041 1105 3123 cracoviensis,
1129 3042 1248 3105 artium
1272 3042 1457 3108 liberalium

315 3150 349 3213 in
373 3148 507 3214 Polonia
532 3160 629 3236 caput
653 3161 747 3235 atque
773 3161 882 3231 mater,
911 3147 1040 3212 saeculo
1064 3149 1131 3211 XV
1156 3148 1341 3214 docentium
1365 3152 1456 3238 inge·

316 3257 378 3319 niis
402 3256 660 3343 discentiumque
684 3255 891 3319 multitudine
915 3255 1067 3338 celebris,
1099 3256 1255 3343 paulatim
1286 3255 1349 3322 hoc
1376 3270 1459 3322 tenr-

315 3384 392 3448 pore
415 3363 457 3426 ad
481 3363 641 3427 deteriora
656 3364 820 3448 vergebat.
845 3362 883 3425 In
905 3384 1004 3426 causa
1020 3373 1112 3426 erant
1128 3364 1269 3448 primum
1285 3365 1458 3449 pensiones

315 3469 542 3555 professorum,
566 3468 728 3555 quondam
754 3469 961 3551 sufficientes,
986 3490 1073 3531 nunc
1097 3491 1154 3555 pro
1178 3480 1360 3555 temporum
1377 3471 1457 3535 alia-

261 3611 283 3626 ι
315 3598 451 3661 rumque
476 3577 722 3640 universitatum
746 3575 925 3639 rationibus
941 3577 1111 3658 tenuiores,
1134 3598 1231 3660 quam
1247 3577 1365 3663 quibus
1386 3601 1456 3642 sus-

314 3693 494 3747 tentaretur
517 3681 625 3766 honos,
649 3705 745 3769 quern
768 3681 845 3746 huic
869 3680 975 3744 ordini
998 3695 1077 3746 tunc
1106 3683 1139 3744 in
1164 3682 1297 3747 Polonia
1313 3684 1457 3750 defuisse

314 3790 503 3876 accipimus,
535 3787 651 3852 deinde
675 3788 759 3875 quod
784 3787 945 3872 theologia
969 3798 1124 3874 regnante
1148 3790 1363 3877 episcopoque
1386 3793 1458 3879 ipso

314 3897 515 3962 cracoviensi
548 3895 663 3960 studiis
695 3896 859 3982 praefecto
890 3897 1014 3963 omnia,
1046 3919 1128 3982 quae
1160 3921 1178 3961 a
1209 3897 1273 3961 fide
1296 3899 1456 3964 catholica

313 4003 420 4068 aliena
443 4026 514 4069 esse
537 4003 742 4084 videbantur,
773 4003 870 4065 nimis
901 4004 997 4066 anxie
1021 4004 1377 4069 circumscribebsntur
1404 4005 1455 4071 vel

314 4110 572 4175 removebantur.
607 4111 650 4173 Et
673 4108 819 4196 profecto
843 4108 920 4172 inde
943 4109 984 4172 ab
1008 4132 1045 4173 eo
1069 4121 1221 4196 tempore,
1245 4134 1308 4197 quo
1332 4113 1456 4177 Luther

314 4216 435 4281 bellum
458 4217 614 4282 eeclesiae
639 4239 791 4281 romanae
815 4215 942 4299 indixit,
969 4238 1095 4280 summa
1115 4218 1264 4282 cautione
1279 4241 1360 4305 opus
1377 4232 1455 4303 erat,

313 4346 353 4387 ne
377 4323 555 4388 catholicus
579 4324 708 4389 scholae
739 4323 868 4388 habitus
902 4321 1057 4408 paulatim
1088 4324 1366 4410 pessumdaretur3
1399 4327 1453 4392 sed

313 4430 397 4493 inter
420 4431 527 4513 dubia,
551 4455 637 4494 nova
660 4453 805 4517 quaeque
830 4451 925 4515 saepe
949 4431 1175 4515 spernentibus
1192 4433 1366 4517 magistris.
1390 4446 1455 4499 tar-

313 4536 475 4601 dabantur
498 4538 678 4601 studiorum
703 4560 892 4624 progressus
917 4535 1248 4624 abalienabanturque
1276 4541 1454 4605 iuventutis
