3016 5310
795 489 872 523 Peru!
892 490 979 524 ΒΟΥΖΙΙ

478 683 654 769 Vanasque
677 681 745 765 has,
768 683 841 770 quis
865 693 932 747 tam
956 682 1176 759 sollicitamur,
1200 707 1286 771 opes.

345 811 392 853 ss.
423 790 479 856 Sic
502 812 584 855 reor:
609 789 767 854 occiduus
790 791 935 875 poscenti
958 791 1062 855 mittet
1085 790 1209 867 Iberus,

479 894 544 975 Qui
568 918 710 961 canonas
735 895 849 961 doceat
872 897 1017 983 scitaque
1041 907 1154 961 sancta
1176 908 1318 983 patrum

425 1002 468 1066 Et
490 1002 591 1067 verbo
615 1002 728 1066 feriat1
751 1001 824 1066 lites
848 1001 1042 1089 dirimatque
1063 1005 1213 1089 potenti·

478 1110 549 1174 Lex
572 1110 631 1172 ut²
654 1109 773 1195 ubique
797 1120 895 1193 sonet,
919 1133 985 1196 pax
1008 1121 1042 1174 ut
1067 1110 1186 1196 ubique
1210 1122 1313 1176 sonet.

427 1216 517 1280 Haeo
540 1216 599 1280 tibi
623 1238 718 1299 vana,
741 1217 806 1280 tuis
830 1238 890 1281 nec
914 1218 1140 1282 convenientia
1163 1219 1259 1297 curis,

345 1346 391 1387 eo.
474 1322 617 1406 Praesul‚
641 1322 785 1387 consiliis
808 1334 840 1387 et
863 1324 970 1387 minus
995 1333 1070 1409 apta
1092 1325 1166 1388 tuis.

425 1429 475 1492 Tu
499 1430 605 1515 potius
629 1451 758 1494 scurras
781 1429 867 1493 ultra
890 1428 1106 1494 Garamantas
1130 1442 1161 1494 et
1185 1429 1287 1494 Indos

479 1535 665 1616 Quaesieris
688 1536 799 1623 largus
823 1536 1042 1623 ridiculusque
1067 1536 1162 1601 foras,

426 1643 518 1708 Haec
541 1645 644 1729 magis
668 1644 803 1729 optabis,
825 1642 942 1729 palmi·
966 1654 997 1708 ot
1020 1644 1138 1709 habere
1162 1644 1300 1721 duabus,

479 1749 545 1829 Qui
568 1760 676 1815 servat
699 1750 867 1834 thalamos,
890 1751 1103 1839 Astyanacta,
1125 1764 1207 1816 tuos.

345 1880 391 1920 aa.
423 1858 539 1923 Graios
563 1858 642 1922 vina
664 1856 724 1921 tibi
747 1880 845 1944 quarn
868 1857 968 1921 libros
992 1858 1116 1921 mittere
1140 1858 1271 1922 malis³t

479 1964 523 2027 Hi
548 1987 676 2028 somnos
700 1964 857 2049 adimunt,
881 1964 1019 2050 praesul,
1044 1968 1098 2027 at⁴
1121 1964 1178 2028 illa
1202 1977 1332 2030 vocant.

424 2070 499 2135 Non
522 2092 623 2154 sacra,
646 2094 710 2134 non
733 2070 855 2134 Divum
881 2069 1000 2147 orrltus3
1025 2081 1080 2134 tua
1104 2070 1216 2156 gloria,
1238 2073 1385 2158 praesul,

479 2177 538 2241 Est
560 2176 674 2242 molles
697 2177 781 2241 inter
801 2178 914 2242 vivere
938 2177 1085 2242 delicias:

425 2284 576 2348 Fundere
599 2285 677 2348 vina
701 2283 792 2349 cadis
815 2307 1007 2370 mensasque
1030 2285 1157 2348 onerari
1180 2286 1317 2368 coronis,

346 2415 392 2456 ro.
475 2391 527 2474 Et,
550 2389 640 2455 bibat
663 2401 719 2455 aut
743 2390 846 2469 abeat,
870 2391 1042 2456 sollicitare
1066 2391 1210 2471 Iovem⁵;

425 2497 548 2562 Pocula
569 2506 641 2583 post
663 2519 855 2582 mensasque
878 2497 967 2562 leves
991 2498 1125 2562 ductare
1148 2497 1291 2579 choreas,

479 2605 522 2668 Et
544 2604 699 2691 quicquid
723 2604 838 2670 Ourios
862 2627 926 2668 non
950 2605 1026 2668 sinit
1048 2627 1118 2669 esse
1141 2628 1268 2688 graves.

425 2711 492 2776 Ceu
518 2734 609 2797 seges
632 2712 665 2773 in
690 2712 813 2797 campis
837 2710 1003 2774 mediant
1027 2713 1113 2774 sint⁶
1136 2710 1253 2797 pocula
1277 2735 1405 2796 mensur

479 2816 566 2882 Illud
589 2817 712 2903 grande
735 2827 828 2881 tuum
852 2840 983 2882 eernere
1007 2817 1160 2882 delicium
1170 2819 1192 2902 ⁷,

345 2946 391 2989 rs.
423 2927 679 3010 Fumantomque
702 2923 772 2989 dies
794 2934 876 2988 totos
900 2936 1073 3011 noctesque
1097 2925 1240 2990 culinam

477 3030 568 3095 Mille
591 3042 730 3115 auctam,
752 3069 796 3077 —
820 3052 871 3094 ros
894 3054 913 3095 o
936 3031 1112 3117 luxuriosa,
1135 3070 1179 3080 -
1202 3034 1323 3120 coquis.

425 3139 594 3223 Ingentem
618 3138 645 3201 si
668 3138 741 3224 quis
763 3149 908 3224 pateram
932 3138 1028 3202 celeri
1051 3138 1194 3203 hauserit
1217 3138 1346 3219 haustu,

480 3244 567 3309 Huic
589 3244 761 3330 pulchrum
785 3243 825 3308 ob
850 3244 979 3309 facinus
1003 3266 1079 3309 rura
1101 3245 1197 3310 beata
1219 3245 1323 3310 dabis.

424 3351 567 3415 Prandia
590 3352 687 3437 longa
709 3373 814 3437 paras,
837 3374 925 3415 seras
948 3352 1060 3416 visura
1082 3351 1242 3436 lucernas,

344 3484 390 3524 so.
473 3458 658 3544 Poculaque
682 3458 786 3521 invita
808 3457 910 3522 multa
932 3458 1091 3523 trahenda
1113 3481 1221 3523 manu.

424 3567 586 3629 Auroram
609 3587 708 3630 cenae
732 3564 842 3630 videre
866 3566 1060 3652 fugaciaque
1083 3577 1182 3646 astra3

318 3688 380 3695 —-

427 3744 434 3773 ¹
451 3746 538 3795 Litom
549 3745 628 3795 ferire
638 3745 708 3794 idem
716 3745 788 3794 valet
796 3761 827 3795 ac
838 3745 956 3795 iudicare
964 3761 996 3794 cx
1006 3745 1254 3796 iurisconsultorum
1264 3764 1337 3799 more
1347 3749 1456 3799 dicendi.

425 3833 514 3883 ²mss.
538 3838 606 3894 „et“.

426 3922 582 3974 ³Doclurat
601 3922 645 3973 hic
664 3923 738 3973 locus
758 3931 784 3973 et
803 3924 885 3973 libros
910 3931 937 3973 et
962 3925 1026 3973 rina
1045 3940 1143 3989 graeca
1168 3925 1238 3990 apud
1265 3927 1380 3977 Polonos
1403 3937 1454 3976 tum

318 4015 399 4063 faisse
418 4013 445 4062 in
465 4029 522 4062 usu.
549 4013 624 4061 Cous.
651 4012 722 4061 infra
740 4028 764 4061 r.
784 4012 818 4065 97
838 4030 893 4078 sqq.
919 4021 946 4062 et
971 4013 1114 4063 editionem
1133 4013 1192 4064 Cas.
1212 4015 1358 4065 Morawski
1379 4014 1453 4065 Crirli

317 4104 466 4151 carminum
484 4119 528 4168 pg.
548 4100 600 4152 265
621 4101 680 4150 adn.
702 4100 725 4153 l.

423 4190 433 4218 ⁴
454 4207 514 4239 mss.
537 4190 603 4247 Μ’.

424 4277 512 4330 ὗΗοο
536 4281 642 4329 nomina
661 4280 731 4329 viros
757 4296 875 4331 summae
902 4282 1044 4348 gravitatis
1069 4281 1291 4346 auctoritatisque
1316 4283 1454 4349 designara-

316 4370 429 4420 videtur.

423 4455 514 4509 ‘msa
535 4463 638 4522 „sunt“.

425 4545 513 4598 ’mss
536 4548 699 4612 „delitium“.
