3016 5310
289 685 384 748 Luna
407 692 521 769 quater
544 680 634 748 eaelo
658 691 757 769 eaput
780 678 960 746 oeeultarat
982 679 1155 744 honestum

290 791 402 857 Saueti
427 800 498 878 post
521 789 628 854 obitus
651 789 747 874 regis,
772 787 982 874 redivivaque
1002 787 1095 851 fulsit

186 920 256 962 iso.
288 897 376 964 Orbe
400 908 512 984 quater
536 895 639 982 pleno.
670 896 763 960 Tune
787 906 863 959 nota
886 895 927 959 ad
951 896 1078 959 moenia
1102 894 1248 961 Gracchi

290 1044 333 1052 —
358 1005 428 1069 Rex
452 1004 508 1069 ubi
531 1003 632 1068 letum
655 1003 767 1068 obiens
791 1025 1006 1090 supremaque
1030 1002 1148 1066 lunera
1171 1001 1262 1086 vidit,

290 1113 332 1176 Et
354 1113 439 1176 iaeet
462 1111 621 1174 exanimis
646 1109 747 1174 multo
771 1119 920 1174 eantatus
942 1108 1085 1173 honore¹
1109 1149 1152 1156 -

288 1218 476 1284 Convenere
500 1240 619 1297 omnes,
643 1216 715 1301 heu,
739 1227 862 1281 maesta
885 1216 927 1282 ad
951 1217 1078 1281 moenia
1101 1214 1260 1282 Gracchi!

290 1326 366 1390 Hue
390 1323 528 1411 populus
551 1323 615 1387 late
639 1323 837 1388 circumfluit
860 1322 1003 1410 undique
1026 1334 1058 1388 et
1081 1324 1187 1388 omnis

247 1484 253 1497 .
288 1432 386 1518 Regis
410 1430 452 1496 ad
475 1431 610 1496 inferias
632 1430 756 1517 pullata
780 1430 914 1495 Polonia
936 1432 1033 1496 veuit.

289 1540 354 1604 Hie
377 1539 537 1602 Lituanus
561 1537 661 1621 adest,
684 1536 738 1602 hie
762 1540 866 1601 omnis
890 1537 1008 1603 Russia
1031 1550 1064 1603 et
1087 1539 1188 1602 armis

289 1646 463 1726 Quaesitae
486 1657 598 1731 gentes
622 1644 814 1731 devictaque
837 1646 971 1709 Prussia
993 1645 1087 1710 bello.

288 1754 433 1817 Vietoris
457 1764 603 1839 spectare
626 1751 734 1816 obitus
758 1763 789 1816 et
814 1753 920 1816 tristia
943 1753 1028 1816 iusta

288 1861 469 1925 Maerentes
494 1861 584 1924 iuvat
607 1869 639 1923 et
663 1858 806 1923 lacrimis
830 1859 984 1924 deeorare
1008 1860 1195 1947 sepulerum

249 2019 255 2031 .
290 1967 466 2034 Clementis
491 1968 586 2052 regis,
610 1969 703 2032 euius¹
728 1951 899 2031 mitissima
923 1990 1049 2055 semper

288 2074 431 2162 Imperia
453 2075 588 2161 experti,
612 2075 700 2139 saevi
725 2097 788 2138 101
812 2096 869 2138 ora
892 2076 1033 2163 tyranni.

288 2181 484 2246 Exanimem
508 2180 629 2267 lugent,
653 2181 781 2269 plorant
804 2204 978 2268 regemque
1001 2193 1192 2270 patremque

288 2289 446 2353 Amisisse
469 2312 588 2353 omues.
620 2288 714 2353 Tales
739 2288 817 2353 urbs
841 2300 964 2354 maesta
987 2288 1136 2376 querelas

289 2395 463 2482 Turbaque
487 2395 697 2482 plangentum
723 2395 840 2480 fundit,
861 2398 1018 2483 mixtique
1041 2394 1173 2461 Polonis

248 2553 254 2566 .
290 2503 428 2568 Externi
450 2503 561 2590 populi
585 2505 725 2589 gemitus
749 2503 789 2567 ad
815 2504 922 2568 sidera
946 2505 1077 2569 iactant.

379 2610 473 2675 Multi
498 2622 640 2675 oratores
664 2612 764 2675 variis
786 2634 828 2675 ex
850 2611 998 2698 partibus
1022 2611 1111 2675 orbis

290 2716 471 2802 Advenere
495 2717 602 2783 ferant
625 2719 728 2783 eineri
751 2719 804 2805 qui
830 2730 975 2783 extrema
999 2718 1101 2783 beato.

377 2825 427 2889 Tu
452 2823 637 2891 Gulielme²
661 2827 761 2911 venis,
785 2849 804 2889 a
827 2848 946 2912 magno
970 2848 1101 2891 oaesare
1124 2826 1253 2911 missus,

288 2931 348 2996 Illo
374 2932 524 2996 fortunae
547 2931 677 2996 domino
700 2931 840 3019 bellique
863 2934 995 3020 potenti,

248 3090 254 3102 .
289 3038 430 3103 Illustris
454 3038 625 3124 Gulielme,
649 3040 747 3127 dapes
772 3041 825 3105 eui
849 3064 968 3105 munus
992 3042 1117 3105 avitum

288 3146 454 3232 Augustas
478 3147 643 3234 praeferre
666 3149 831 3234 sacrisque
854 3149 1018 3235 imponere
1041 3149 1171 3233 mensis,

287 3253 368 3317 Pars
392 3252 478 3318 idem
503 3256 613 3340 magni
637 3256 748 3319 arcani
771 3266 803 3319 et
826 3278 890 3319 non
915 3255 1048 3320 ultimus
1072 3254 1167 3320 aulae

288 3360 474 3439 Caesareae,
497 3363 600 3449 pietas
623 3386 719 3448 quem
743 3361 825 3426 tollit
849 3373 880 3427 et
904 3385 1002 3427 aurea
1026 3363 1138 3427 virtus.

377 3468 555 3553 Malzanus,
579 3469 751 3534 Feruande
774 3470 874 3554 iubes⁷
897 3494 955 3536 rex
980 3494 1097 3556 magne
1120 3469 1294 3554 Quiritum,

187 3595 256 3639 111.
291 3575 432 3641 Inferias
455 3599 513 3664 pro
538 3587 568 3641 te
592 3574 701 3642 dileeti
726 3579 812 3663 regis
836 3577 978 3643 honoret.

377 3684 430 3748 Ad
454 3684 616 3748 tumulum
640 3686 708 3748 eari
732 3686 830 3749 misso
853 3697 979 3751 oratore
1002 3687 1146 3773 parentis

287 3792 474 3856 Pannoniae
497 3793 633 3877 regina³
657 3815 751 3855 suurn
776 3803 892 3857 testata
915 3780 1058 3858 (lolorem
1082 3804 1138 3858 est.

289 4023 352 4074 ¹Hi
372 4026 423 4077 duo
443 4042 543 4089 versus,
562 4027 589 4075 iu
609 4027 725 4078 editione
744 4043 814 4080 crac.
840 4029 917 4079 aneis
939 4028 1044 4093 inclusi,
1072 4029 1168 4080 mendo
1199 4029 1318 4080 laborare

181 4114 312 4166 videntur.

288 4201 298 4230 ²
316 4204 398 4267 Idem,
418 4205 445 4253 ni
465 4204 553 4267 fallor,
572 4206 617 4271 qui
637 4213 730 4272 postea
749 4223 772 4258 a.
790 4206 930 4271 1561111.
945 4206 1145 4273 Rumiuowslry:
1160 4209 1252 4261 Gaius.
1266 4210 1318 4259 Ser.

180 4292 260 4358 episc.
280 4291 343 4358 298)
361 4294 500 4359 episeopus
514 4293 696 4345 Olomucensls
717 4297 813 4359 sactus,
834 4297 914 4347 etiam
930 4296 1106 4347 llaximiliaui
1119 4298 1238 4348 caesarie
1251 4298 1318 4365 lega·

181 4388 223 4431 tus
242 4381 276 4431 ad
296 4381 493 4447 sigismundum
513 4386 662 4448 Augustum
682 4384 741 4447 fuit,
759 4385 1146 4453 utdeelarntearmenRoysii
1161 4386 1318 4439 adeundam

179 4470 316 4535 scriptum,
336 4471 407 4521 iufra
426 4472 618 4522 interminata
637 4475 808 4539 propositum.

287 4558 431 4614 ³Isabe11a
451 4561 487 4611 Io.
506 4561 632 4633 Zapoliae
652 4563 755 4617 coniux.
