3016 5310
634 464 803 501 mauriscum.

696 748 740 813 II.

251 870 356 936 Nocte
380 871 459 936 furit
481 881 549 937 tota
571 881 753 960 tempestas,
777 895 872 939 mane
895 874 1045 960 quiescit:

306 977 461 1043 Divisum
484 979 656 1065 imperium
680 1002 756 1045 oum
778 980 864 1066 Iove,
888 981 1027 1068 praesul,
1049 983 1158 1049 habes.

699 1450 730 1519 3.

543 1646 888 1724 NAVIGATIO

393 1819 689 1887 STANISLAI
720 1821 1039 1909 CARNOOVII,

305 1971 490 2023 Vladislaviae
516 1978 543 2023 et
561 1973 736 2024 Pomorauias
755 1975 886 2038 praesulis
905 1975 1098 2041 religiosissimi
1109 1976 1125 2027 ¹.

252 2148 336 2215 Cum
359 2158 565 2236 tempestates
589 2161 764 2214 autumnus
787 2151 821 2215 in
845 2151 921 2216 orbe
946 2152 1053 2237 cieret,

305 2256 471 2343 Istulaque
494 2257 631 2321 insuetis
654 2257 861 2323 intumuisset
884 2259 989 2345 aquis:

251 2362 324 2427 Non
347 2363 452 2449 magis
476 2362 603 2427 absistit
626 2362 754 2449 praesul
777 2363 978 2430 Carnoovius
1001 2365 1057 2450 ire,

304 2467 400 2548 Quod
424 2469 524 2534 fluvio
547 2491 723 2556 properans
745 2471 946 2557 inst'tuisset‚
969 2473 1038 2536 iter.

193 2599 219 2639 s.
250 2574 388 2640 Flumen
411 2577 481 2660 init,
505 2576 639 2640 tumidis
664 2600 698 2642 se
721 2577 853 2643 eredere
875 2578 1029 2643 fluetibus
1053 2601 1159 2662 ausus,

303 2681 377 2747 Non
402 2685 576 2749 cessaturis
600 2696 631 2749 et
655 2684 732 2750 dare
756 2684 830 2750 vela
853 2688 946 2751 notis.

249 2789 402 2876 Ingresso
426 2790 532 2877 rapidi
556 2801 725 2856 cessarunt
747 2791 897 2878 praesule
919 2793 1022 2875 venti3

303 2896 457 2961 Praebuit
481 2908 512 2962 et
534 2897 682 2984 placidas
704 2898 808 2963 Istula
832 2900 919 2962 mitis
943 2920 1052 2984 aquas.

249 3001 444 3090 Oblitusque
467 3005 518 3068 sui
542 3014 726 3089 autumnus,
750 3006 805 3092 qui
829 3005 948 3091 frigore
971 3015 1073 3069 terras

171 3131 216 3175 ro.
300 3109 495 3197 stringebat,
519 3112 606 3176 veris
629 3111 777 3176 redditus
801 3113 903 3176 instar
926 3121 1003 3195 erat,

248 3215 356 3282 Nullis
380 3217 528 3282 turbatus
554 3218 675 3283 nimbis
698 3218 860 3306 nullisque
883 3217 1042 3306 procellis,

303 3324 465 3390 Horridus
489 3335 544 3390 aut
567 3327 682 3410 ventis,
705 3326 805 3391 Aeole
829 3348 934 3410 saeve,
957 3326 1031 3389 tuis.

250 3431 393 3518 Navigat
416 3442 635 3519 autumnoque
659 3434 792 3498 antistes
816 3443 847 3498 et
871 3456 965 3496 amne
989 3431 1145 3513 seeund03

304 3537 394 3604 Silva
418 3538 517 3603 dabat
541 3550 661 3624 noctes,
683 3540 804 3604 flumen
828 3550 859 3604 et
883 3539 972 3603 unda
995 3537 1073 3603 dies.

170 3667 216 3710 1⁵.
248 3643 378 3732 Oppida
401 3646 520 3734 quippe
543 3645 613 3710 lues
636 3645 796 3733 villasque
819 3647 941 3710 intrare
963 3644 1102 3728 vetabat,

304 3752 387 3816 Dira
410 3751 488 3837 lues,
513 3752 630 3817 multos
654 3776 736 3839 quae
760 3752 859 3817 dabat
882 3776 948 3817 una
970 3752 1052 3816 neci.

248 3857 396 3924 Luoebat
418 3868 501 3923 totas
524 3859 654 3925 Phoebe
677 3859 873 3924 nitidissima
896 3869 1015 3943 nooteS,

303 3964 376 4031 Sole
399 3966 541 4029 mioante
565 3965 633 4031 dies
658 3989 721 4030 non
746 3989 840 4053 mage
864 3965 972 4031 clarus
995 3974 1072 4029 erat·

248 4070 386 4136 Nootem
409 4094 509 4136 unam
532 4073 668 4160 exeipi0,
691 4074 797 4138 ventis
821 4095 903 4159 quae
926 4070 1080 4135 flantibus
1103 4069 1224 4134 almum

166 4200 215 4243 ro.
298 4177 445 4242 Involvit
467 4177 613 4243 Phoebes
637 4179 779 4244 nubibus
803 4191 873 4243 atra
897 4188 1003 4266 eaput,

163 4289 349 4296 ·.—-—-—

249 4338 486 4407 ¹Navigationem
509 4341 558 4391 boo
578 4342 696 4393 earmina
715 4342 885 4407 descriptam,
911 4356 991 4405 quam
1016 4346 1131 4405 tangunt
1156 4338 1288 4399 carmina,

163 4445 211 4482 urse
229 4445 312 4495 supra
324 4430 456 4495 proposui,
476 4430 541 4480 iecit
554 4431 718 4482 Carnoovius
732 4438 859 4481 autumno
873 4445 896 4480 a.
910 4428 987 4482 1568.
1008 4431 1120 4480 Carmen
1134 4428 1184 4478 hoo
1197 4432 1285 4477 exstat

163 4517 248 4571 rood.
268 4533 340 4570 oorn.
360 4535 403 4584 pg.
424 4516 476 4570 163
495 4534 543 4583 sq„
562 4518 591 4568 in
610 4535 660 4569 oss.
680 4535 723 4585 pg.
743 4518 777 4570 31
798 4535 836 4584 sq.

248 4613 361 4654 cumina.
383 4614 409 4653 r.
422 4614 440 4653 1.
1144 4602 1178 4656 18
