3016 5310
370 431 434 496 112
840 445 914 483 earm
936 434 1022 482 1101111

606 518 711 528 ..ἡ-..ι
738 522 788 527 ---
813 521 886 526 —-.
1014 518 1051 525 ἡ
1073 516 1259 525 ——-.—-—..

474 645 660 731 Tristesquc
684 644 828 707 inferiae.
861 641 991 707 Flentes
1015 664 1074 706 sua
1097 642 1234 729 quisque
1257 642 1416 728 petebant.

370 775 438 817 aas.
473 751 533 817 Rle
556 751 679 836 urbam,
702 751 796 815 iustis
820 749 952 836 repedat
975 772 1031 812 rus
1054 748 1109 814 ille
1132 750 1282 836 peractis,

474 860 589 923 Maesti
612 882 732 941 omncs,
754 859 838 922 tristi
863 857 1029 921 volventes
1052 867 1182 943 pectore
1204 879 1302 922 curas

474 967 561 1051 Rege
585 964 794 1051 Sigismundo
817 963 1009 1051 populorum
1034 974 1124 1049 patre
1148 974 1323 1050 perempto.

564 1071 627 1137 Sed
651 1095 793 1159 superas,
817 1073 973 1156 Auguste,
996 1071 1162 1157 patrisque
1186 1082 1217 1135 et
1240 1071 1328 1157 regis
1351 1072 1461 1158 imago,

473 1180 544 1244 Rex
569 1190 727 1265 natusque
752 1178 846 1261 idem,
871 1179 1053 1264 sceptrique
1076 1188 1107 1242 et
1131 1178 1272 1241 nominis
1296 1177 1397 1243 heres,

432 1338 439 1352 .
474 1287 521 1352 Te
544 1285 741 1351 desiderium
764 1285 933 1372 regnando
955 1285 1164 1370 exstinguere
1187 1286 1288 1371 patris

474 1394 632 1460 Convenit
656 1403 687 1457 et
711 1394 896 1457 meminisse
919 1392 995 1456 olim
1019 1393 1148 1456 virtutis
1172 1394 1287 1458 avitae.

474 1502 523 1565 Nc
546 1511 577 1564 tc
600 1501 763 1587 paeniteat
786 1510 931 1563 nostrum
956 1521 1145 1586 percurrere
1169 1522 1311 1585 commu,

472 1607 720 1692 Qualiscumque
744 1607 812 1671 fero
836 1617 1006 1693 vatemque
1031 1606 1144 1671 audire
1167 1617 1361 1671 monentem.

472 1716 595 1779 Verum
619 1737 745 1800 semper
768 1736 840 1777 ama
864 1714 957 1777 iustis
982 1714 1195 1778 monitoribus
1219 1736 1352 1802 aequus,

368 1848 372 1861 ·
431 1873 437 1885 .
473 1821 556 1887 Solis
581 1821 696 1885 claude
720 1833 792 1884 tuas
816 1821 1070 1885 assentatoribus
1093 1843 1201 1902 aures3

472 1928 575 1992 Pestis
598 1929 684 1991 cuim
709 1951 822 2013 regum
846 1938 877 1992 ct
901 1939 989 1992 certa
1012 1939 1043 1992 et
1066 1928 1161 1992 letale
1184 1950 1356 1993 venenum·

472 2034 618 2098 Blandus
643 2035 798 2098 adulator.
830 2035 908 2099 Vita
931 2047 1145 2122 suspectaque
1169 2034 1269 2100 verba

473 2142 606 2229 Semper
627 2142 710 2207 habe
734 2142 790 2205 lita
815 2142 921 2207 melle:
947 2143 1046 2207 latent
1070 2144 1197 2208 aconita
1222 2143 1282 2208 sub
1307 2141 1381 2207 illis.

471 2251 597 2336 Aspera
621 2272 716 2337 saepe
739 2251 866 2332 iuvant;
890 2273 994 2334 aures,
1016 2251 1173 2337 Auguste,
1196 2261 1343 2336 patentes

431 2409 438 2422 .
473 2356 625 2422 Consiliis
648 2357 778 2442 praebe:
803 2380 867 2421 non
891 2357 1010 2446 byssus
1033 2367 1065 2422 et
1088 2379 1186 2421 aurea
1208 2367 1339 2444 torques

471 2463 705 2529 Commendent
728 2464 787 2528 tibi
812 2464 907 2548 dicta,
932 2464 1055 2529 micans
1080 2464 1131 2529 vel
1154 2465 1188 2528 in
1212 2464 1321 2530 indice
1344 2486 1470 2551 gemma

472 2574 573 2658 Racpc
597 2572 715 2635 etenim
740 2573 823 2658 sapit
846 2582 876 2636 ct
900 2571 1028 2658 vulgus,
1052 2594 1112 2637 ncc
1136 2572 1250 2637 inutile
1274 2574 1384 2655 suasit,

469 2680 507 2743 Iu
532 2679 620 2744 tenui
644 2679 758 2742 tolerat
782 2680 837 2765 qui
861 2681 926 2743 iras
950 2679 1109 2766 aquilonis
1133 2681 1263 2745 amictu.

559 2787 646 2871 Ergo
668 2796 743 2851 tuac
768 2809 850 2872 quae
873 2797 948 2850 sunt
970 2799 1085 2873 partes,
1108 2789 1266 2874 Auguste,
1291 2798 1453 2866 memento,

366 2943 372 2957 .
431 2946 437 2959 .
474 2895 581 2979 Atque
604 2894 749 2956 animum
771 2916 871 2979 regno
895 2893 1092 2958 moderando
1114 2895 1247 2960 intende
1269 2907 1410 2982 patemo.

470 3002 579 3065 Prima
602 2998 660 3064 tibi
685 3000 760 3065 fidei
784 3002 825 3065 sit
848 3023 936 3079 cura,
960 3002 1000 3065 sit
1024 3002 1125 3066 altera
1148 3002 1267 3089 legum

470 3108 579 3171 Tertia
602 3107 749 3172 militiae:
773 3108 865 3172 divos
890 3110 937 3174 sic
961 3110 1029 3195 ipsc
1052 3109 1199 3174 faventes

471 3216 741 3303 Sauromataeque
764 3227 836 3280 tuos
858 3240 939 3303 pace
962 3218 1137 3304 experieris
1161 3229 1192 3282 et
1215 3219 1323 3305 11111110,
1347 3258 1389 3266 -—

471 3324 688 3410 Armatusque
710 3335 783 3388 tuas
808 3324 932 3411 aquilas
956 3325 1165 3412 trepidaverit
1188 3325 1299 3392 hostis.

429 3480 435 3494 .
471 3429 590 3495 Omnia
613 3431 788 3496 succedent
811 3455 969 3519 casusque
992 3434 1133 3497 evaseris
1157 3456 1268 3500 omnes

470 3537 641 3621 Fortunae
664 3540 850 3624 quicunque
873 3551 1012 3624 manent,
1035 3541 1097 3605 Dis
1120 3564 1199 3605 usus
1223 3543 1345 3608 amicis.

470 3645 577 3709 Macte
601 3646 717 3709 animis
741 3669 827 3731 ergo,
850 3669 917 3732 rex,
942 3670 992 3712 ros
1016 3648 1187 3734 accingere
1211 3649 1253 3713 ad
1276 3650 1364 3714 istas.

558 3752 684 3837 Religio
708 3753 856 3838 neglecta
879 3754 971 3818 vides
996 3765 1031 3817 ut
1055 3777 1148 3820 sacra
1171 3755 1298 3841 Dcique

470 3858 584 3923 Omnis
607 3857 709 3922 honor
732 3861 824 3943 iacet.
848 3872 884 3924 ut
908 3861 1055 3947 squalent
1079 3862 1194 3926 altaria
1217 3861 1320 3928 multo

366 3986 434 4029 100.
470 3965 571 4029 Plena
595 3967 657 4029 situ
682 3967 828 4053 caelique
852 3967 951 4033 decus
975 3970 1195 4056 morituraque
1217 3992 1384 4058 uunquam

470 4071 582 4137 Gloria
605 4074 766 4138 Divorum
787 4085 910 4140 veteres
935 4077 999 4140 iam
1023 4078 1126 4141 nescit
1150 4077 1296 4142 honores.

469 4179 615 4265 Quisque
639 4204 713 4244 suos
737 4182 844 4245 imus¹
869 4183 903 4246 in
927 4184 1021 4266 ritus3
1045 4207 1109 4247 non
1134 4206 1193 4248 sua
1214 4184 1336 4272 vulgus

467 4516 475 4545 ¹
496 4518 623 4571 Produxit
642 4519 668 4570 in
684 4521 738 4571 arsi
758 4522 889 4587 syllabam
911 4553 959 4587 „-
980 4525 1037 4574 uu‘.
