3016 5310
664 1422 725 1480 V1.

346 1607 1039 1714 GRATULATORIUM.

668 2024 719 2088 20.

433 2214 944 2299 ndsnnonnnn

526 2350 679 2414 episcopum
698 2351 858 2415 plocensem,

282 2474 479 2524 cracoviensem
500 2489 561 2523 vero
581 2490 651 2525 nnnc
671 2474 727 2524 iure
748 2481 773 2523 et
794 2474 888 2523 merito
907 2473 1076 2539 designatum
1086 2473 1102 2522 ¹.

228 2646 435 2733 Aggredero²
451 2672 469 2710 o
482 2669 646 2733 magnum,
662 2658 692 2711 te
705 2647 747 2710 ad
759 2670 854 2733 quom
867 2659 962 2712 vocat
974 2649 1087 2727 omnia,
1100 2648 1264 2731 honorem,

229 2753 397 2836 Sarmatia,
421 2753 580 2818 illustrem
604 2765 635 2818 ct
657 2755 803 2840 gemma,
827 2753 1021 2838 Maniosche,
1044 2754 1159 2817 tiaram

228 2861 388 2948 Tempora
412 2862 507 2945 cingo
531 2884 635 2947 super,
659 2860 839 2945 baculoque
863 2872 1007 2925 armatus
1031 2860 1160 2925 adunco

228 2966 442 3053 Cuspidequo,
467 2967 508 3031 ad
533 2967 643 3031 caulas
667 2967 787 3033 Christi
811 2978 843 3031 ot
866 2966 1007 3053 magalia
1030 2967 1124 3053 longo

166 3095 193 3138 a.
226 3073 446 3137 Errabunda³
467 3074 576 3160 gregis
601 3075 738 3160 vestigia
762 3073 874 3160 dirigo.
905 3075 1056 3138 Amicam

228 3180 316 3245 Hinc
339 3202 453 3246 vocem
476 3182 613 3266 pastoris
637 3204 712 3246 oves
735 3192 766 3246 et
790 3181 885 3246 sibila
910 3182 1025 3265 norint,

227 3286 375 3351 Limoaoa
399 3288 501 3352 vitare
524 3288 615 3352 lacus
639 3299 670 3353 et
692 3287 813 3374 pabula
836 3288 965 3353 discant

228 3393 319 3459 Tabo
340 3395 462 3459 infecta
484 3395 577 3480 gravi
602 3406 633 3459 et
656 3395 755 3480 vulgo
778 3395 864 3459 mala
888 3405 963 3459 nata
987 3416 1120 3459 venena.

227 3499 280 3565 Ad
305 3500 405 3566 lactas
428 3508 568 3566 rovoca4
592 3501 692 3565 saltus
716 3513 747 3566 ot
770 3524 891 3588 pascua
915 3512 990 3566 nota

166 3630 192 3672 ο.
225 3607 408 3695 Fontesquo
431 3609 610 3695 fluviosque
633 3620 664 3673 et
688 3619 803 3694 stagna
828 3608 984 3673 undantia
1007 3608 1082 3672 late.

230 3802 236 3830 ¹
257 3801 397 3866 Repetitur
416 3801 465 3851 hoc
484 3818 592 3851 carmen
612 3803 645 3851 ad
665 3802 808 3852 editionem
828 3802 1025 3852 cracoviensem
1046 3818 1069 3851 a.
1085 3800 1161 3863 1545,
1186 3801 1262 3852 cuius

163 3893 237 3951 Icum,
257 3892 327 3956 quod
346 3892 437 3943 sciam.
458 3892 602 3955 exemplar.
628 3898 653 3940 et
673 3892 759 3955 ipsum
779 3890 867 3940 modia
887 3898 962 3955 parto
982 3907 1034 3940 non
1053 3891 1195 3956 integrum,
1220 3906 1263 3940 as-

278 4026 284 4045 ,
369 4025 375 4037 .
437 4026 442 4036 ,
504 4026 510 4037 .
543 4025 549 4036 .
822 4025 827 4035 .
999 4023 1005 4035 .
1081 3978 1168 4032 19886

163 4033 244 4076 vatur
263 4024 410 4075 Craeovlae
436 4042 464 4073 111
484 4026 647 4075 bibliotheca
667 4033 882 4088 czartoryscmna
909 4025 958 4073 sub
985 4040 1061 4090 signo
1081 4054 1168 4120 -8-
1188 4024 1261 4089 gabl.

1105 4067 1123 4120 4

163 4159 331 4226 lgrammata.
356 4175 424 4223 (luae
450 4160 477 4208 in
504 4161 554 4209 hac
574 4160 688 4209 editione
708 4159 916 4224 praemittuntur
942 4166 967 4208 et
992 4165 1185 4223 postponuntur
1209 4157 1262 4223 ipsi

163 4249 243 4312 mini,
263 4249 333 4298 inter
351 4249 455 4299 minora
475 4252 505 4299 R.
526 4251 646 4299 earmina
666 4249 716 4298 vol.
738 4251 763 4298 ll
783 4249 921 4299 collocavi.

227 4338 238 4367 ⁹
257 4338 345 4388 Editio
367 4340 535 4404 „agrcdcro“.

228 4427 327 4480 'mie
350 4430 533 4487 ,Errabundi“
555 4431 595 4494 (ἲ).

227 4518 293 4569 ⁴⁸0.
313 4535 367 4569 ear.
