3016 5310
140 651 302 737 misitque,
341 651 368 714 si
406 650 435 713 is
474 648 557 714 liber
595 649 664 735 regi
702 649 902 734 probaretur,
938 672 973 714 se
1003 660 1112 714 cetera
1142 649 1295 715 eiusdem

138 758 325 844 argumenti
348 755 523 843 aliquando
539 766 795 842 persecuturum.
820 755 1023 844 Speraverat,
1046 757 1080 820 ni
1096 754 1202 842 fallor,
1218 756 1294 822 fore

141 876 178 931 ut
200 886 269 948 rex,
292 866 347 952 qui
370 875 440 928 tum
468 864 503 927 in
534 862 683 927 diversas
714 864 808 950 regni
838 874 947 949 partes
978 863 1206 928 communibus
1238 865 1293 928 in-

141 972 262 1037 stitutis
287 969 521 1035 consociandus
544 968 768 1055 uniendasque
791 980 894 1034 totum
921 972 1066 1034 animum
1090 969 1294 1047 intendebat,

143 1078 323 1143 rationibus
356 1077 397 1140 ab
429 1077 499 1162 ipso
530 1075 636 1139 allatis
660 1087 840 1141 commotus
871 1077 913 1140 ad
943 1078 995 1140 ius
1018 1099 1190 1140 romanum
1214 1080 1294 1142 nni-

141 1207 238 1250 10100
257 1206 359 1270 regno
375 1182 612 1268 iniungendum
629 1183 829 1268 confugeret.
852 1183 948 1264 Quod
966 1206 1041 1248 cum
1057 1206 1151 1248 secus
1168 1184 1292 1251 cadere

140 1290 276 1374 videret
300 1292 334 1354 in
357 1291 487 1353 irritum
511 1290 571 1354 niti
595 1288 707 1353 noluit.
732 1290 813 1353 Utut
836 1300 915 1374 erat,
938 1301 1025 1355 certe
1046 1291 1205 1376 promisso
1221 1314 1291 1356 non

140 1398 229 1462 stetit
252 1419 313 1462 nec
337 1408 447 1485 postea
469 1399 645 1483 quicquam
669 1397 710 1460 de
733 1419 772 1461 00
795 1419 830 1462 10
852 1398 888 1461 10
912 1397 1079 1483 publicum
1103 1399 1220 1463 emisit.

247 1504 378 1569 Interea
403 1515 548 1568 mortuus
572 1515 620 1568 est
635 1505 871 1588 Domanovius‚
894 1505 1091 1591 Samogitiae
1107 1507 1292 1593 episeopus,

142 1636 171 1677 a.
196 1613 282 1676 1662
307 1621 363 1675 aut
388 1611 473 1675 1663
498 1610 655 1696 brevique
678 1621 750 1697 post
771 1613 1292 1678 016630110001000110000001

140 1717 325 1786 Stanislaus
356 1718 570 1799 11010000100,
606 1718 795 1804 priusquam
829 1740 952 1782 novum
987 1741 1104 1783 munus
1135 1721 1293 1806 suscepit.

248 1826 432 1911 Utrumque
456 1825 600 1914 Royzius
623 1825 658 1887 in
681 1825 836 1888 tribunali
857 1824 980 1889 lituano
1000 1827 1125 1890 socium
1145 1826 1293 1913 pruden-
1315 1814 1319 1819 ⁴

142 1943 208 1998 tem
233 1944 329 2019 atquc
352 1934 493 1997 amicum
518 1931 784 2018 sacerdotemque
807 1934 1104 1996 constantissimum
1124 1943 1291 2019 expertus,

143 2041 312 2126 utriusque
336 2039 443 2102 obitus
467 2038 592 2103 idoneis
617 2039 818 2103 carminibus
841 2038 1024 2125 deploravit
1055 2039 1114 2121 (ΙΙ,
1140 2040 1182 2104 86
1207 2063 1290 2127 sqq.;

143 2146 187 2211 88
211 2150 299 2232 sqq).
330 2145 449 2212 Secuta
473 2158 547 2208 sunt
570 2157 716 2231 tempora
739 2144 880 2209 dioecesi
904 2146 1125 2230 samogitiensi
1149 2147 1291 2235 Royzio·

141 2273 206 2338 que
240 2251 454 2338 iniquissima.
491 2252 576 2314 Nam
612 2253 667 2337 qui
698 2252 877 2315 Nareussio
908 2253 1064 2316 successit
1096 2253 1290 2317 Victorinus

143 2358 329 2441 Virbicius,
360 2381 464 2444 neque
486 2357 603 2445 Royuii
626 2359 709 2422 votis
734 2358 930 2444 respondere
953 2358 1135 2439 videbatur,
1166 2371 1198 2423 ct
1220 2360 1290 2422 iam

141 2466 233 2530 circa
255 2488 283 2528 a.
309 2466 394 2529 1666
418 2466 589 2551 episcopus
613 2463 780 2529 luckensis
804 2476 932 2530 creatus
956 2465 1119 2530 dioecesin
1147 2467 1292 2551 samogi-

143 2574 279 2638 tiensem
304 2572 443 2658 reliquit.
466 2574 558 2637 Inter
580 2572 713 2636 crebras
737 2572 923 2658 praesulum
943 2574 1139 2637 mutationes
1155 2572 1291 2638 labante

141 2680 222 2745 cleri
247 2679 421 2766 disciplina
444 2679 583 2743 discidia
613 2680 648 2743 in
679 2681 804 2765 gremio
827 2679 960 2766 capituli
989 2691 1102 2743 exorta
1126 2679 1206 2744 adeo
1230 2703 1291 2744 ex-

144 2787 384 2852 acerbaverunt
407 2786 567 2874 Royzium
591 2785 646 2869 (ΙΙ,
671 2788 735 2851 268
760 2789 827 2873 sq),
854 2787 978 2850 utiam
1003 2809 1030 2850 a.
1056 2788 1143 2851 1664
1167 2787 1202 2849 in
1226 2786 1291 2850 Hi-

145 2895 292 2981 spaniam
317 2894 436 2957 reverti
461 2894 618 2977 cogitaret
641 2903 827 2978 peteretque
857 2916 877 2956 a
904 2915 988 2978 rege,
1020 2904 1055 2956 ut
1086 2917 1106 2957 a
1135 2895 1290 2979 pontifice

144 3000 287 3063 maximo
311 3022 429 3062 munus
453 2998 616 3085 quoddam
639 2997 897 3064 ecclesiasticum
921 2999 955 3061 in
979 3021 1080 3084 regno
1104 2999 1291 3084 Aragoniae

143 3107 206 3194 ipsi
230 3108 426 3193 impetraret.
465 3105 529 3171 Sed
556 3128 753 3191 quamquam
784 3117 816 3170 et
845 3128 905 3170 rex
936 3128 1047 3169 mense
1070 3105 1236 3169 decembri
1260 3128 1291 3170 a.

145 3215 233 3279 1664
257 3213 358 3278 deca
383 3235 418 3277 re
442 3235 560 3299 papam
583 3212 676 3296 adiit,
700 3222 732 3275 et
755 3213 1037 3296 Commendonius,
1061 3213 1195 3276 nuntius
1219 3222 1291 3277 tum

143 3320 298 3406 temporis
330 3321 441 3384 curiae
471 3341 624 3382 romanae
660 3321 693 3381 in
725 3318 875 3404 Ρο10010,
913 3321 1045 3384 ineunte
1080 3341 1165 3382 anno
1202 3320 1291 3384 1665

143 3425 261 3493 001010
284 3427 442 3491 Boromeo
466 3425 626 3489 cardinali
649 3425 765 3513 Royzii
789 3425 1005 3490 eruditionem
1036 3438 1068 3490 et
1098 3425 1176 3490 fidei
1206 3426 1292 3490 inte-

144 3535 297 3619 gritatem
319 3532 524 3598 testificando
548 3554 681 3597 causam
704 3534 774 3596 eius
798 3533 1048 3617 commendavit,
1071 3543 1180 3597 tamen
1200 3531 1292 3621 Roy-

144 3640 223 3725 0100,
246 3664 329 3726 quae
352 3649 530 3726 optaverat,
554 3661 619 3702 non
643 3650 692 3702 001
715 3650 891 3704 assecutus.
930 3640 1060 3704 Interea
1083 3662 1111 3703 a.
1137 3642 1222 3704 1666
1247 3639 1291 3703 ad

142 3747 367 3833 gubernacula
391 3746 547 3812 ecclesiae
571 3747 810 3831 samogitiensis
833 3749 972 3811 accessit
987 3745 1150 3831 Georgius
1168 3748 1288 3812 Peteu-

143 3855 235 3939 nius,
265 3877 362 3941 quern
387 3854 501 3918 decem
526 3853 594 3917 fere
616 3853 712 3916 annis
743 3864 817 3917 ante
840 3853 983 3942 Royzius
1006 3853 1210 3919 (lhiliastichi
1235 3878 1291 3918 vv.

142 3963 207 4026 411
234 3985 301 4047 sqq.
325 3960 478 4025 laudibus
502 3959 673 4024 extulerat.
711 3960 826 4046 Itaque
848 3962 946 4024 etiam
970 3982 1057 4024 nunc
1082 3960 1163 4024 bene
1187 3960 1228 4025 de
1252 3983 1289 4025 eo

142 4089 294 4155 sperans,
326 4091 513 4154 prosperam
545 4067 710 4130 fortunam
741 4067 938 4152 Samogitiae
968 4067 1211 4131 vaticinabatur
1234 4068 1291 4152 (ΙΙ,

147 4175 209 4239 131
235 4180 302 4261 sq),
327 4198 401 4239 cum
424 4176 555 4239 interim
578 4197 683 4238 novus
706 4175 876 4260 episeopus
900 4172 1050 4237 venando
1073 4172 1203 4237 deditus
1224 4196 1291 4238 non

145 4281 252 4346 solum
275 4305 369 4347 sacra
392 4281 630 4367 ecclesiamque
652 4280 819 4367 negligere
843 4281 964 4367 coepit,
993 4279 1049 4344 sed
1074 4280 1172 4343 011001
1195 4284 1291 4345 novis

145 4389 243 4454 rebus
266 4389 466 4474 Lutlrcrique
490 4389 659 4462 doctrinis.
684 4389 717 4449 in
741 4387 919 4471 Samogitia
942 4410 982 4450 nc
1005 4409 1024 4449 a
1048 4385 1134 4450 clero
1158 4387 1291 4471 quidam

144 4493 271 4580 0110010,
296 4496 406 4560 favere
432 4494 614 4577 videbatur,
638 4494 792 4579 brevique
808 4495 923 4577 effecit,
947 4503 983 4556 ut
998 4494 1158 4581 Royzium
1175 4493 1291 4559 iudicii
