3016 5310
586 493 620 526 Μ
638 488 805 527 ummo
823 493 911 527 nauto.

659 562 1005 571 ——-.-—......
1032 565 1060 570 ..

288 687 331 751 Ea
355 687 463 750 iussus
487 686 601 774 pandit
625 708 741 752 saevus
764 688 826 750 tria
851 686 1012 753 Cerberus
1035 709 1100 771 ora,

244 846 250 857 .
288 791 525 880 Tisiphoneque
549 816 624 857 suos
648 793 746 858 solvit
769 794 933 880 nect-itque
957 793 1117 877 colubros,

288 900 526 986 Tartareaeque
550 902 698 964 ministra
722 901 846 984 domus,
870 899 1048 965 furibunda
1071 900 1232 987 Megaera

289 1006 331 1070 m
354 1028 445 1070 soror
469 1007 584 1072 Alecto
607 1008 760 1094 ponitque
784 1018 816 1071 et
839 1008 976 1072 suscitat
1000 1008 1075 1072 iras.

376 1112 465 1192 Quid
491 1136 673 1197 memorem,
697 1115 811 1178 statuit
833 1115 930 1178 Divis
961 1136 1042 1201 quas
1058 1136 1199 1181 cernuus
1223 1115 1325 1179 aras?

287 1218 379 1298 Quae
403 1218 540 1284 delubra
563 1220 635 1284 Deo
659 1220 748 1284 cultu
774 1219 969 1285 celebranda
993 1220 1151 1308 perenni?

243 1377 250 1389 .
287 1325 382 1390 Vatis
406 1326 526 1391 Iessaei
540 1331 558 1410 ¹,
582 1328 711 1391 venturi
736 1329 851 1391 nuntia
873 1326 1004 1409 Christi,

287 1432 449 1511 Carmina,
473 1432 585 1497 divino
609 1433 731 1519 lagello
755 1433 915 1521 impulsus
939 1457 1056 1518 amore,

288 1537 446 1622 (bacche,
470 1550 543 1604 tuas
567 1539 644 1603 olim
669 1551 801 1605 cantare
825 1542 919 1606 iussit
943 1541 983 1604 ad
1008 1562 1116 1606 arces:

288 1645 446 1732 Tempore
468 1648 524 1732 qui
548 1670 589 1711 ex
613 1646 670 1711 illo
693 1657 840 1712 nostrum
864 1672 933 1712 mos
957 1648 1055 1712 durat
1078 1648 1111 1712 in
1136 1668 1262 1713 aevum.

378 1753 421 1816 m
446 1753 603 1839 lagelloni
629 1754 786 1820 Oracovia
812 1754 906 1819 debet
930 1755 1034 1819 eidem

245 1909 252 1922 .
288 1857 505 1924 Pulchrorum
529 1860 673 1926 fructum
699 1861 889 1945 studiorum,
913 1873 945 1927 et
967 1861 1085 1927 nobilis
1109 1863 1162 1947 oti,

290 1964 356 2031 Ore
380 1979 471 2031 sonet
494 1966 572 2031 latio
596 1992 652 2032 seu
676 1970 768 2052 graio
791 1968 884 2032 docta
911 1970 1071 2053 iuventus,

287 2073 481 2137 Artificesve
505 2084 593 2161 aptet
616 2098 728 2158 nexus,
752 2088 784 2139 et
807 2074 938 2140 vine-ula
963 2076 1069 2140 solvat

289 2179 483 2262 Verborum,
507 2181 615 2245 studio
640 2204 747 2246 rerum
772 2182 850 2246 dum
875 2194 979 2248 certat
1002 2206 1144 2267 amoeno,

287 2282 488 2351 Cunctorum
512 2287 625 2352 sollers
649 2310 765 2353 causas
789 2299 933 2354 scrutata
957 2290 1103 2373 latentes,
1119 2330 1161 2337 —

244 2442 251 2454 .
288 2391 364 2457 Sive
387 2393 479 2457 iuvat
503 2395 645 2460 mulcere
669 2418 772 2480 aures,
797 2396 1017 2483 populumque
1041 2408 1151 2462 tencre

287 2498 446 2584 Dicendo,
471 2524 591 2589 proque
615 2503 759 2566 arbitriis
783 2503 947 2590 impellere
972 2504 1101 2588 vulgus.

288 2606 386 2670 Astra
410 2630 469 2672 nec
494 2608 651 2677 oliseuris.
674 2634 736 2696 qua
762 2634 795 2674 se
819 2612 979 2677 Oracovia
1004 2613 1100 2675 iactet

287 2713 410 2795 Laude,
433 2713 518 2799 lieet,
543 2718 644 2799 signis
668 2717 745 2781 data
769 2741 901 2782 eernere
926 2719 991 2781 sata
1017 2718 1184 2802 docentur,

288 2819 331 2883 Et
354 2822 408 2906 qui
432 2844 591 2908 quemque
615 2824 706 2887 lalror
730 2836 867 2897 mancat,
890 2847 972 2910 quae
996 2847 1131 2890 munera
1154 2827 1241 2891 vitae

246 2976 252 2987 .
287 2925 396 2990 Natali
421 2931 569 3014 praevisa
594 2931 655 2996 dic.
679 2932 797 3017 quique
822 2932 912 2994 urbis
935 2930 1097 2995 honores.¹

290 3031 366 3098 Sive
391 3035 600 3101 machaonias
624 3050 655 3100 et
679 3038 755 3101 (litis
779 3037 941 3125 Apollinis
966 3051 1051 3102 artes

290 3138 381 3204 Scire.
404 3140 519 3228 placet,
543 3154 704 3231 tetrosque
727 3145 890 3232 expellere
914 3168 1048 3233 corpore.
1072 3147 1211 3211 morbos.

289 3245 509 3332 Perplexasve
534 3251 603 3313 mro
626 3251 698 3315 lites
722 3263 754 3315 et
777 3254 882 3338 iurgia
908 3275 1002 3316 scaeva

290 3352 464 3418 Diseutere
488 3380 525 3419 ae
550 3358 646 3421 linem
671 3358 776 3441 longis
800 3360 964 3446 imponere
990 3360 1078 3439 rixis,

186 3478 254 3522 aas.
290 3458 491 3547 Pacatasque
516 3464 611 3528 urbes
635 3464 721 3529 haud
746 3466 875 3552 dispare
900 3466 969 3549 lege
993 3477 1121 3543 tenere3

293 3565 368 3629 Sive
391 3566 557 3633 hominum
583 3570 708 3656 placeat
734 3584 856 3636 mentes
880 3572 1025 3637 attollere
1050 3571 1148 3651 eaelo,

290 3671 438 3737 Imbutae
462 3677 579 3763 pietate.
603 3690 633 3741 et
659 3680 813 3764 religione,
835 3681 990 3764 Deorum.
1002 3721 1045 3727 —-

291 3779 352 3842 Vis
375 3779 517 3847 humana
541 3795 645 3870 potest
669 3809 732 3871 (puer
756 3786 800 3849 nil
826 3786 1021 3852 contendere
1045 3787 1159 3865 maius,
1182 3826 1225 3834 —

294 3886 383 3951 Haec
408 3889 564 3975 lagelloni
588 3915 746 3975 generosa
770 3893 901 3957 Polonia
928 3893 1031 3977 debet,

186 4014 255 4058 alo.
292 3993 334 4058 Et
358 3995 464 4079 rigido
488 3997 583 4062 tellus
608 4000 897 4086 septem-subiecta
921 4003 1018 4064 trioni

183 4129 341 4139 —...-———.-.
364 4134 368 4139 .
381 4135 387 4139 .

293 4190 300 4219 ¹
313 4193 424 4242 llavidia
433 4196 510 4259 regis.
523 4197 643 4247 lustitum
654 4215 767 4261 perenne
777 4199 919 4261 lagellonis
928 4199 1040 4263 pecnnia
1049 4200 1189 4250 fundatum
1197 4199 1284 4265 tangit
1290 4201 1322 4251 R.

291 4277 430 4331 ’Praeter
449 4287 665 4335 consuetudinem
685 4287 734 4337 hoc
754 4288 811 4337 loco
835 4298 860 4335 et
887 4304 910 4336 v.
937 4288 990 4338 350
1015 4304 1072 4353 sqq.
1100 4288 1214 4353 ltoyzius
1238 4296 1322 4339 artem

183 4366 240 4418 {ata
260 4384 293 4419 ex
313 4370 443 4421 sideribus
463 4376 638 4438 cognoscendi
659 4376 776 4425 celebrat
804 4385 828 4425 et
856 4378 958 4441 prolmt.
986 4378 1046 4426 aliis
1073 4379 1137 4428 locis
1163 4380 1274 4428 eandem
1292 4384 1323 4428 ut

180 4470 280 4508 vanarn
306 4459 484 4525 fallacemque
513 4464 631 4513 damnat.
669 4466 719 4513 Sed
750 4466 831 4515 etiarn
851 4467 912 4515 aliis
938 4468 1117 4516 cracoviensis
1138 4464 1322 4517 universitatis

181 4546 285 4597 artibus
302 4551 361 4614 plus
375 4550 424 4601 hoc
439 4552 496 4601 loeo
511 4553 596 4601 laudis
610 4553 735 4603 trilmisse
749 4571 829 4618 (pram
845 4556 934 4605 deberi
949 4556 1062 4604 sensisse
1076 4556 1181 4605 videtur
1198 4554 1322 4621 lloyaius.
