3016 5310
423 488 628 523 EPITHALAMIUM
646 486 797 524 mmmm
815 488 837 524 11
856 491 889 524 m·
908 490 1039 527 ΙΒΙΕΔΒΕΕ.

188 707 240 749 ss.
272 683 341 747 Hos
364 684 456 766 iuter,
481 681 608 746 medius
631 682 782 746 Lasousl
803 682 983 747 Mavortius
1007 683 1075 748 ibst

273 789 406 854 Vertioe
430 788 578 853 sublimis
603 787 799 875 spectandus
818 804 955 875 ‘corpore
974 799 1009 855 et
1028 806 1121 855 *aevu

273 896 355 961 Inde
379 894 605 981 sequebantur,
629 896 684 981 qui
708 905 856 981 augusta,
879 896 1022 981 iusignia
1045 905 1181 983 gestant.

274 1004 351 1067 Fert
374 1000 522 1088 gladium
546 1001 684 1088 Spitko⁹
708 1002 865 1086 strictum,
889 1002 1091 1067 Latalioius·⁸
1113 1003 1233 1088 orbem,

276 1111 376 1174 Veste
399 1108 495 1172 ambo
518 1109 671 1194 insignes,
696 1109 840 1194 insignes
863 1109 1032 1196 torquibus
1055 1109 1159 1175 ambo.

176 1237 241 1280 eo.
274 1215 444 1301 Soeptrurn
467 1214 604 1278 Kmita⁴
626 1215 722 1300 gerit3
746 1234 811 1278 non
834 1213 896 1279 hoe
918 1216 944 1278 it
967 1233 1100 1303 corpore
1119 1217 1222 1280 maior

274 1322 420 1408 Iuppiter
442 1322 477 1385 in
501 1320 590 1386 eaelo
614 1331 670 1384 aut
693 1320 809 1385 mediis
832 1322 921 1385 Mars
944 1323 1071 1387 saevior
1093 1323 1201 1397 armis.

274 1428 411 1492 Inelitus
434 1437 611 1514 augustum
632 1427 725 1512 regni
750 1427 901 1492 diadema
923 1428 1048 1493 ferebat

274 1533 513 1618 Tarnosohus5,
537 1533 626 1598 eaelo
650 1532 727 1598 belli
750 1556 847 1620 quem
869 1535 973 1621 gloria
995 1535 1079 1599 tollit

275 1639 465 1721 Sublimem3
490 1640 603 1704 dextra
626 1640 697 1724 fort,
721 1640 840 1727 dignus
863 1643 984 1706 vertioe
1008 1642 1092 1706 ferre

179 1768 241 1811 ω.
270 1748 349 1812 Tale
373 1747 482 1832 deous,
505 1748 633 1834 populis
656 1757 702 1811 tot
725 1747 889 1834 quondam
913 1749 1016 1813 Marte
1039 1748 1192 1814 subustis.

275 1855 346 1918 Hoc
370 1853 525 1920 Stanislai
548 1854 634 1918 faoto
657 1853 771 1917 ordine
792 1854 913 1941 templa
933 1854 1094 1941 petebant.

362 1960 488 2025 Murioe
512 1969 612 2024 stratu
628 1961 682 2023 via
703 1972 760 2045 est,
784 1982 910 2025 suoram
926 1984 1008 2048 quae
1028 1961 1119 2026 duoit
1132 1960 1174 2025 ad
1187 1961 1311 2048 aedem,

274 2068 364 2133 Calle
386 2066 481 2132 rubet
504 2068 634 2153 gemino
658 2088 826 2130 serranum
850 2067 988 2132 molliter
1011 2079 1142 2133 ostrum.
1183 2072 1184 2075 ’

277 2175 452 2261 Postquam
476 2175 674 2259 introgressi,
698 2176 802 2237 saneti
826 2183 900 2239 ante
924 2175 1038 2238 altaria
1060 2174 1172 2261 templi

188 2299 242 2344 no.
271 2279 387 2345 Genua
409 2280 522 2344 labant
546 2280 730 2366 abeuntque
753 2302 869 2344 manus
892 2282 926 2345 in
949 2292 1025 2345 vota
1048 2283 1192 2368 supinae.

274 2386 410 2452 Oretum
434 2397 470 2451 ut
492 2389 614 2475 pausis,
637 2387 783 2451 referunt
807 2410 840 2452 se
864 2387 995 2452 sedibus
1019 2409 1130 2452 omnes

273 2494 412 2558 Delubri
435 2495 470 2557 in
493 2495 609 2577 medio,
632 2504 783 2559 resonant
807 2494 863 2558 ubi
887 2496 977 2580 regia
1000 2497 1084 2560 vatis

276 2600 437 2685 Carmina,
460 2602 590 2666 venturi
613 2600 709 2687 longe
732 2602 926 2688 praenuntia
950 2602 1057 2686 saeeli,

274 2706 380 2786 Quem
403 2708 504 2772 nostri
527 2707 640 2772 dixere
663 2707 807 2793 eborum,
831 2708 955 2772 multol
978 2709 1121 2795 undique
1142 2708 1271 2796 fulgens

195 2832 244 2878 rs.
272 2815 479 2901 Argentoque
503 2837 645 2901 auroque
670 2825 732 2878 stat
755 2824 786 2879 et
811 2815 948 2880 sublime
971 2814 1141 2879 theatrum.

275 2923 360 2985 Ante
384 2944 457 2984 aras
481 2920 561 2985 solia
584 2923 618 2985 in
641 2922 748 2985 medio
771 2921 849 2985 bino
873 2944 971 2986 aurea
995 2931 1144 3008 surgunt:

279 3029 352 3092 Huc
376 3028 515 3092 subeunt
539 3030 648 3116 sponsi
672 3029 822 3114 celsaque
845 3030 880 3092 in
904 3029 979 3093 sede
1002 3029 1158 3093 leuantur.

272 3135 344 3199 Rex
368 3136 475 3200 senior
497 3136 606 3199 solitas
630 3137 721 3222 potiit
745 3159 819 3201 oum
844 3137 982 3222 coniuge
1006 3135 1107 3220 sedes,

271 3242 375 3328 Regia
396 3245 566 3329 progenies
590 3253 719 3329 patrum
743 3245 892 3329 propiora
915 3253 1026 3307 secuta
1049 3251 1106 3306 est.

199 3367 240 3411 eo.
270 3349 404 3415 Circum
427 3359 576 3434 oratores,
601 3351 691 3414 vario
716 3372 791 3414 oum
815 3371 947 3413 munero
971 3350 1062 3412 missi

178 3483 372 3500 k*—

274 3571 280 3599 ¹
301 3571 461 3635 Stanislans,
474 3571 501 3620 ni
515 3570 601 3631 fallor,
622 3570 757 3637 palatinus
772 3571 941 3633 Siradisnsis,
960 3571 1004 3636 qui
1025 3571 1092 3621 obiit
1104 3586 1128 3620 a.
1143 3567 1220 3621 1556.
1240 3572 1310 3621 Nam

179 3651 357 3725 Hieronymum
377 3660 469 3721 Laski,
490 3661 611 3724 quiante
625 3660 788 3710 stanislaum
803 3659 938 3724 palatinus
953 3659 1112 3709 Siradieusis
1126 3660 1187 3722 fuit,
1200 3675 1224 3710 a.
1240 3657 1310 3711 1542

180 3743 262 3800 obiisse
281 3749 365 3800 tradit
384 3749 518 3800 Niesiecki
537 3751 678 3814 (Herbarz,
698 3749 738 3798 ed.
754 3751 824 3798 Bobr
847 3751 866 3801 l.
883 3747 952 3810 153),
967 3748 1123 3812 Hieronymi
1136 3755 1226 3799 autem
1239 3747 1310 3799 filius

181 3830 299 3900 Albanus,
325 3839 401 3888 euius
420 3838 548 3888 virtutem
567 3839 682 3902 Royzius
708 3853 787 3902 saepe
814 3837 937 3886 laudibus
963 3837 1046 3899 effert,
1072 3845 1127 3886 tum
1151 3853 1234 3887 annos
1253 3838 1310 3889 fere

182 3915 257 3974 deusur
286 3934 366 3976 natus
395 3935 461 3977 erat.
494 3929 587 3977 Petrus
613 3928 702 3992 Scipio
727 3927 759 3976 de
785 3927 892 3990 Campo,
920 3925 1014 3987 italus,
1043 3932 1102 3975 orat
1128 3924 1310 3976 marschalcus

181 4011 244 4066 sulas
263 4018 353 4067 Bonae
373 4017 489 4082 reginas.

270 4104 280 4136 ²
300 4105 434 4170 Zbigneus
454 4105 555 4170 Spytek
575 4103 741 4165 Tarnowski,
761 4105 925 4155 castellanus
946 4105 1120 4155 Voinioensis.

271 4192 423 4243 ’Latalslri
443 4195 589 4257 lanusslus,
609 4194 744 4259 palatinus
765 4194 960 4244 Posuaniausis.

271 4283 281 4311 ⁴
302 4286 405 4345 Petrus,
424 4283 559 4348 palatinus
579 4283 773 4345 cracoviensis,
794 4284 845 4334 obi.
866 4299 888 4333 a.
911 4282 987 4334 1553.

271 4370 565 4434 15(ὶιιοιῐιΤειιἽιονίιιιιι
585 4372 645 4422 aliis
665 4371 729 4422 loeis
749 4371 823 4422 dicit.
855 4374 967 4423 loannes
986 4371 1143 4421 Taruowski
1169 4377 1227 4421 erat
1252 4377 1308 4420 tum

179 4459 327 4511 castellanus
348 4459 535 4511 Craeoviensis
556 4472 725 4526 summusque
746 4461 871 4512 Poloniae
891 4461 1052 4512 exercituum
1072 4461 1224 4525 imperator.

271 4547 350 4600 ‘'bls.
370 4549 551 4615 „multoque“.
