3016 5310
649 456 821 490 manuscrits.
1236 439 1300 505 301

705 738 766 803 ΙΠ.

269 862 404 951 Spretns
427 872 496 927 erat
519 863 587 950 tibi,
610 865 666 950 qui
690 864 777 927 mitis
800 864 896 927 modo
920 865 1008 929 venit
1032 873 1068 929 ut
1092 887 1205 951 agnus,

322 971 373 1055 Et,
397 971 546 1057 quamvis
569 980 662 1056 esset,
686 993 751 1034 non
775 970 834 1035 tibi
857 971 987 1059 praesul
1010 981 1088 1037 erat.

268 1076 366 1141 Nunc
389 1077 470 1142 alter
493 1078 605 1163 grains
629 1078 719 1143 venit
741 1078 852 1142 Draco
876 1078 1015 1143 condere
1038 1077 1135 1164 leges,

322 1184 368 1249 Te
391 1194 423 1249 et
445 1186 574 1271 magnis
598 1186 685 1271 regis
709 1184 858 1249 subicere
881 1184 1033 1249 arbitriis.

210 1314 236 1357 e.
267 1291 355 1377 Agrii
379 1292 435 1378 qui
459 1313 515 1356 ora
538 1293 605 1377 pati
628 1293 769 1378 nequisti
791 1293 869 1356 mito
892 1292 1042 1376 balantis,

322 1398 387 1462 Pro
409 1396 471 1462 hoc
494 1407 622 1463 exserta
644 1399 747 1463 trucis
771 1421 827 1463 ora
849 1400 1012 1464 Draconis
1034 1399 1144 1464 habes.

695 1592 774 1656 IIII.

269 1722 459 1791 Pontificem
482 1747 586 1813 nuper
609 1723 790 1808 Gedrmnm,
814 1747 910 1810 quem
933 1724 1018 1789 ferre
1041 1725 1199 1812 nequivit,

323 1831 389 1911 Qui
412 1854 500 1897 nuno
523 1841 714 1919 praetorem,
737 1831 791 1896 dic
814 1831 903 1916 mihi,
927 1832 1011 1896 ferre
1033 1833 1160 1918 potest?

715 2025 757 2089 V.

269 2149 336 2215 Ora
360 2152 410 2215 sui
433 2150 488 2237 qui
511 2151 674 2237 pontificis
697 2174 762 2215 non
786 2150 890 2215 audiit
913 2150 992 2215 aede

321 2258 362 2321 Iu
386 2280 488 2342 saera,
511 2259 546 2321 in
570 2280 661 2323 sacro
684 2257 738 2322 hic
762 2257 853 2322 audit
877 2256 992 2322 utilia
1015 2258 1098 2321 soro!

695 2451 773 2516 VD

266 2574 459 2639 Pontificem
481 2575 516 2638 iu
540 2597 634 2640 sacra
657 2597 752 2660 quem
776 2597 840 2639 non
864 2574 938 2667 tulit
960 2575 1048 2660 aede,
1071 2575 1221 2661 profanis

268 2681 368 2746 Hunc
391 2682 426 2745 in
448 2681 580 2746 indiciis
604 2680 808 2748 Gedanensis
831 2682 980 2761 honorat3
1003 2682 1143 2746 eundem

268 2786 420 2875 Spretnm
443 2789 478 2852 iu
501 2787 624 2854 divinis
647 2798 840 2854 tractantem
862 2788 1005 2853 humana
1027 2799 1165 2854 veretur.

267 2893 412 2960 Consilia
433 2894 496 2960 hoc
518 2895 663 2960 tumidae
686 2918 838 2983 peperere
861 2895 1044 2981 improvida
1067 2897 1165 2981 genti.

679 3089 746 3153 VII
758 3090 791 3154 ἵ,

266 3213 396 3277 Venisti
419 3213 501 3277 sudo
525 3213 624 3298 caele,
647 3213 846 3300 Godanoque
868 3213 982 3278 relicto

321 3319 513 3385 Volborium
535 3322 663 3385 intrasti
687 3320 753 3385 sole
776 3322 917 3386 micante
939 3330 1041 3384 tuum.

267 3426 313 3490 Te
336 3437 409 3513 post
432 3428 578 3513 ingresso
602 3428 713 3514 largus
738 3428 918 3493 demittitur
939 3427 1053 3511 imber,

320 3533 487 3621 Aridaque
510 3535 627 3621 optatis
651 3556 732 3598 arva
753 3535 876 3620 rigavit
899 3536 1001 3622 aquis.

207 3663 233 3706 a.
265 3639 422 3726 Christus,
446 3641 617 3726 Carncovi7
641 3642 735 3706 cuius
758 3641 818 3706 tibi
840 3642 945 3728 gloria
968 3664 1065 3706 curae
1089 3650 1145 3724 est,

321 3747 390 3811 Has
415 3747 496 3813 caeli
520 3747 659 3813 alternas
683 3749 820 3835 imperat
843 3749 891 3814 ire
913 3749 1011 3814 vices.

268 4011 277 4042 ¹
296 4015 368 4066 Huic
387 4017 574 4082 epigrammati
591 4020 811 4084 praescribuntur
835 4020 864 4069 iu
887 4019 963 4069 libris
987 4019 1071 4069 mstis.
1091 4018 1170 4068 haec:
1199 4019 1303 4081 „Quat-

163 4106 218 4155 tuor
236 4119 330 4154 versus
349 4105 448 4171 longi“.
472 4106 556 4157 Omisi
576 4114 667 4174 utpote
686 4123 895 4174 supervacanea.

268 4189 278 4219 ²
296 4193 356 4244 Hoc
375 4195 492 4245 carmine
511 4196 598 4261 ipsum
618 4197 796 4248 Carncovium
814 4196 966 4262 alloquitur.
