3016 5310
180 433 221 498 78
655 446 733 479 nursi
753 446 841 479 uorzu

285 641 407 706 Addite
429 641 626 723 Tithonique
649 662 766 703 aevum
790 639 985 727 Pyliamque
1009 648 1187 702 senectam:

184 771 252 814 ruo.
283 749 383 812 Vivat
407 757 542 831 uterquc
565 747 622 810 diu
646 748 774 824 coniux,
796 756 884 832 petat
907 745 1038 810 aethera
1062 766 1133 808 sero

287 855 330 918 Et
353 853 455 917 mults
478 853 589 919 subole
613 854 770 917 Litusnas
793 852 914 938 repleat
937 874 1037 916 arcos.

289 962 381 1025 Haec
404 962 552 1046 interque
575 961 684 1046 dapes,
706 959 787 1023 haec
810 960 895 1023 inter
916 960 1039 1045 poscite
1063 959 1149 1021 vina.

319 1120 321 1125 .
380 1068 513 1155 Hymen
536 1066 633 1131 dulce
655 1066 724 1150 tibi,
748 1090 766 1129 o
789 1066 920 1155 hymen,
942 1064 1102 1148 Radtvih,
1128 1072 1269 1129 canatur.

288 1174 458 1238 Indultum
481 1175 559 1238 satis
582 1183 631 1239 est
653 1173 786 1237 mensis:
810 1196 870 1258 age
893 1173 978 1237 lacta
1000 1173 1154 1236 iuventus

248 1333 255 1345 .
290 1280 394 1365 Surge
417 1282 495 1345 toris
517 1280 734 1366 pulchrasque
757 1303 856 1344 manu
880 1279 920 1344 de
944 1301 1031 1343 more
1054 1278 1181 1365 puellas

288 1389 430 1474 Corripe,
453 1398 680 1473 corruptasque
703 1408 818 1451 exerce
842 1397 937 1472 atque
960 1385 1093 1450 orbibus
1117 1384 1211 1449 orhes

290 1493 456 1580 Expedias
479 1494 641 1578 celerique
664 1494 768 1579 gradu
793 1493 861 1557 sola
883 1493 969 1557 levia
991 1492 1095 1578 pulsa,

289 1602 453 1687 Laetaque
476 1600 666 1665 concelebro
690 1600 815 1665 choreis
839 1599 979 1664 conubia
1001 1598 1105 1663 laetis.

381 1709 513 1796 Hymen
537 1707 633 1772 dulce
656 1707 724 1787 tibi,
748 1731 766 1770 0
788 1706 919 1795 hymen,
943 1705 1103 1790 Radivilo,
1128 1715 1270 1771 canatur.

250 1865 257 1877 .
291 1814 417 1878 Fistula
440 1815 606 1878 concinuit
629 1814 718 1878 dulci
741 1824 773 1878 ct
796 1814 988 1901 symphonia
1013 1825 1112 1878 cantu

290 1920 474 1986 Concordes
498 1921 610 1984 inflato
633 1944 727 1984 sonos
751 1920 849 2005 dedit,
873 1943 990 2008 orequc
1012 1932 1078 1986 toto

290 2027 478 2113 Completur
500 2027 579 2090 tuba
604 2027 757 2092 saltantes
781 2049 820 2092 ac
843 2029 965 2092 excitat
989 2028 1080 2092 ultre.

382 2134 512 2221 Hymen
537 2133 633 2199 dulce
655 2133 723 2218 tibi,
747 2157 765 2196 0
789 2134 920 2222 hymen,
944 2135 1104 2218 Radivilo‚
1129 2144 1271 2199 canatur.

291 2239 395 2324 Surge
418 2241 547 2304 iterum:
572 2263 748 2326 rursusque
771 2250 862 2303 tuam
886 2263 966 2327 cape
989 2243 1126 2328 quisque
1148 2241 1286 2327 puellam

252 2397 259 2410 .
293 2346 495 2432 Delassaquc
519 2347 625 2430 chore,
650 2370 736 2412 nuuc
760 2348 831 2431 hac,
855 2370 943 2413 nunc
967 2349 1104 2434 impiger
1126 2348 1212 2413 illac.

293 2453 464 2517 Pulchrior
487 2454 576 2538 haec,
600 2453 687 2519 culta
710 2454 766 2518 illa
789 2457 903 2541 magis,
926 2456 1030 2540 magis
1052 2455 1108 2519 illu
1133 2456 1259 2521 decora.

293 2560 384 2624 Haec
408 2560 593 2646 quaerenda
616 2560 684 2645 tibi,
707 2563 811 2646 magis
834 2561 924 2644 haec,
947 2563 1051 2647 magis
1074 2562 1132 2626 illa
1154 2561 1296 2649 petenda.

380 2667 513 2755 Hymen
537 2667 633 2733 dulce
655 2667 724 2751 tibi,
748 2692 766 2731 o
790 2669 921 2756 hymcu,
945 2668 1104 2751 Rodivilo,
1130 2682 1273 2733 canatur.

291 2774 419 2837 Parcite
441 2775 505 2836 iam
530 2776 608 2837 satis
632 2785 679 2838 cst
703 2776 845 2858 iuvenes,
870 2777 933 2838 iam
958 2775 1060 2838 multa
1083 2776 1149 2839 ruit
1174 2798 1240 2840 nox

251 2929 257 2944 .
294 2879 425 2944 Oceano
448 2882 656 2967 referuntque
679 2905 795 2967 graves
820 2884 883 2945 iam
908 2882 1015 2946 sidera
1038 2905 1177 2947 somnos.

292 2986 345 3050 Ad
369 2987 527 3051 thalamos
551 2988 634 3052 Iuno
658 2999 752 3053 vocat
775 3001 806 3053 ct
829 2990 957 3052 Lucina
981 2988 1114 3075 iugales,

294 3092 460 3159 Secundus
484 3118 502 3157 o
526 3118 602 3158 mox
625 3095 782 3159 thalamis
806 3108 837 3160 et
860 3097 949 3182 prole
974 3096 1092 3180 beatos

292 3200 395 3285 Prole,
418 3224 521 3287 genus
545 3202 663 3266 referat
687 3225 750 3287 quo
774 3204 870 3289 stirps
893 3202 1018 3267 lituana
1041 3202 1205 3289 polonum,

293 3305 503 3392 Illustrcsque
526 3308 621 3371 domo
646 3309 763 3371 mixtos
787 3308 901 3373 heroas
926 3319 1061 3395 utraque

191 3436 260 3477 1⁴5.
295 3414 402 3478 lllittat
425 3425 456 3478 ct
480 3416 603 3499 ingenti
628 3416 793 3500 eiintingut
818 3416 924 3479 sidera
947 3417 1043 3500 fama,

290 3521 395 3583 hlixta
417 3521 541 3606 domus,
565 3521 683 3585 multos
706 3521 781 3585 olim
805 3544 959 3585 mansura
982 3546 1039 3609 per
1062 3547 1173 3588 annos.

615 3978 666 4041 nd
697 3979 897 4042 EUNDEM.

402 4167 593 4254 Classicum,
618 4171 777 4256 deivilo,
800 4173 864 4234 ium
891 4182 947 4255 sat,
972 4196 990 4236 o
1015 4176 1084 4236 sat¹

404 4275 570 4339 Hactenus
595 4279 759 4362 cecinisse,
784 4291 833 4341 sat
855 4290 991 4364 tuosque

193 4425 283 4435 u·---
301 4428 327 4433 --ι
341 4429 392 4434 -Ἲ-

296 4503 304 4532 ¹
325 4507 372 4555 list
392 4522 482 4555 versus
503 4507 656 4572 phalaeciis
677 4508 925 4573 liemlecaayllabus,
