3016 5310
179 438 223 503 22
650 455 729 491 sarar
746 456 835 492 norm

741 1469 770 1534 3.

615 1664 902 1740 HEDVIGIS

410 1816 463 1880 eui
493 1824 585 1901 patre
616 1812 920 1880 LUDOVIOO
950 1812 1107 1878 defuneto

466 1956 579 2006 regnum
597 1939 831 1991 senatusconsulto
848 1938 968 1991 delatum
987 1939 1052 1990 est}

295 2113 381 2177 Filia
402 2113 560 2201 regnabat
583 2112 751 2177 Ludovieo
776 2112 936 2198 Hedvigis
958 2111 1118 2198 adempte,

339 2221 433 2305 Filia,
456 2243 532 2285 nam
555 2219 660 2306 proles
683 2219 829 2284 mascula
852 2219 943 2284 nulla
965 2218 1036 2282 fuit.

295 2326 358 2392 Illa
382 2328 475 2392 datas
497 2327 590 2392 heres
614 2327 739 2413 aceepit
762 2327 863 2413 patris
886 2325 1044 2408 habenas3

342 2434 497 2498 Feminea
520 2433 649 2497 stabant
672 2443 799 2519 sceptra
821 2432 939 2521 polana
961 2454 1069 2498 manu.

239 2566 265 2606 s.
296 2541 409 2606 Altera
432 2551 503 2628 post
526 2540 678 2605 Vandam
701 2539 866 2604 moderata
889 2549 937 2604 est
960 2540 1082 2603 femina
1105 2560 1258 2625 regnum3

339 2648 483 2732 Vestras,
507 2647 726 2733 Sauromatae,
748 2646 870 2711 femina
894 2647 978 2711 rexit
1001 2668 1085 2733 opes.

298 2754 363 2819 Sed
385 2765 495 2819 tamen
517 2754 605 2819 haud
630 2754 753 2839 similis,
775 2754 840 2817 nisi
862 2753 958 2817 finxit
981 2775 1067 2817 vana
1089 2761 1248 2818 vetustas:

343 2861 405 2927 Illa
427 2861 549 2949 pudiea
571 2863 677 2947 nimis,
700 2863 763 2925 ista
785 2860 906 2948 pudiea
928 2861 1045 2924 minus.

298 2969 417 3035 Vanda
441 2971 492 3034 sui
515 2970 660 3053 nimium,
684 2969 862 3033 onimium
887 2966 1031 3031 studiosa
1053 2966 1188 3053 pudoris

222 3099 268 3142 ιο.
344 3078 384 3141 In
407 3076 531 3142 medias
554 3098 709 3164 praeceps
733 3076 876 3140 fluminis
899 3074 958 3140 ivit
982 3097 1092 3161 aquas.

300 3183 419 3248 Vanda
441 3184 563 3268 velens,
587 3183 677 3268 eheu,
700 3184 784 3269 perit
807 3182 871 3247 alto
894 3182 929 3246 in
952 3181 1094 3268 gurgite3
1125 3180 1265 3245 Vandae
1288 3187 1336 3244 est

346 3292 529 3376 Virginitas
552 3290 643 3354 falsis
666 3291 801 3355 victima
824 3289 913 3354 faeta
936 3287 1014 3353 deis.

302 3398 393 3462 Haec
416 3397 553 3483 placitas
577 3398 695 3461 duxit‘2
717 3397 873 3480 flammas,
897 3395 1061 3460 ardentior
1084 3416 1196 3482 aequo,

344 3503 459 3568 Matris
482 3504 652 3568 Acidaliae
676 3505 752 3587 sive,
776 3503 912 3589 Cupido,
935 3512 1017 3567 tuas.

221 3633 268 3676 15.
298 3611 432 3698 Ingrato
455 3610 602 3698 patribus
624 3611 779 3696 flagrasse
802 3610 963 3694 Hedvigis
987 3630 1097 3673 amore

346 3718 388 3783 Et
412 3742 477 3782 non
501 3740 671 3783 eoneesses
694 3717 798 3781 fertur
821 3737 946 3780 amasse
969 3725 1064 3780 toros.

301 3827 393 3890 Ausa
415 3824 598 3889 inconsulte
621 3824 705 3888 male
728 3822 865 3911 provida
886 3822 980 3908 virgo
1003 3831 1117 3886 senatu

349 3931 513 4010 Quaerere
537 3932 734 4019 complexus,
758 3930 826 3994 dux
849 3928 1020 4014 Gulielme,
1042 3937 1124 3994 tuos.

303 4041 411 4125 Atque
435 4041 559 4103 iniussa
581 4040 669 4104 leves
692 4049 801 4104 tecum
824 4059 975 4102 exercere
999 4034 1143 4120 choreas,

305 4252 312 4281 ¹
332 4253 524 4318 Fragmentum
544 4252 596 4303 hoc
614 4259 702 4303 exstat
713 4252 740 4301 in
754 4251 823 4303 libro
837 4250 992 4302 Cornicensi
1007 4267 1050 4317 pg.
1064 4247 1119 4303 403
1131 4264 1169 4315 sq.
1188 4249 1244 4300 Aut
1256 4248 1340 4315 ipsius

197 4343 314 4394 Cromeri
334 4342 432 4393 librum
451 4344 513 4393 xlv
533 4344 573 4393 Da
593 4343 672 4393 rebus
690 4341 859 4403 polonorum,
879 4346 928 4390 aut
945 4347 1018 4391 carte
1031 4338 1138 4391 eosdem
1153 4353 1186 4389 ae
1199 4337 1343 4389 cremam

196 4434 284 4483 fontes
303 4439 398 4483 auster
416 4433 444 4482 in
463 4432 515 4483 hoe
533 4432 652 4482 carmine
671 4439 778 4482 secutus
798 4436 845 4480 est

306 4518 316 4547 ²
335 4522 384 4573 Ms.
405 4521 542 4588 „placidas
561 4521 654 4571 dixir-
