3016 5310
653 476 862 509 ctttttltstltttox.

190 546 601 566 ====z
628 557 661 563 .--
669 545 779 563 .;“-“
788 546 889 563 ..’=-
932 546 1284 565 2:²⁸*-
1296 551 1329 558 ⁸·-

288 673 455 738 Distineat
477 669 586 753 rubor,
609 679 640 735 et
663 669 779 754 ingens
802 690 882 755 quos
905 670 1002 735 turba
1025 682 1138 737 secuta

289 780 478 863 Stultorum,
510 798 596 841 nova
626 777 691 841 sint
718 775 823 860 modo,
858 777 1096 864 qualiacunque
1127 791 1329 866 sequentum,

211 938 221 965 ,
289 886 344 951 Ad
367 886 495 950 deserta
519 883 603 948 ultro
626 882 760 949 redeant
783 905 876 948 sacra
899 893 975 948 nota
997 885 1150 951 volentes.

290 992 426 1059 Stultos!
450 990 621 1078 praecipiti
645 990 770 1054 malunt
793 991 848 1076 qui
872 991 906 1053 in
929 1000 1051 1055 tartara
1074 992 1160 1057 saltu

231 1125 257 1165 -·.
289 1100 392 1183 Ferri,
416 1120 516 1182 quam
538 1097 624 1161 iusto
648 1096 746 1161 semel
769 1096 938 1161 erubuisse
960 1098 1091 1184 pudore.

381 1207 472 1271 Inter
495 1215 528 1269 at
551 1212 695 1269 errantes
719 1224 815 1290 seque
838 1213 869 1268 ct
894 1226 953 1267 sua
977 1227 1071 1270 sensa
1094 1216 1264 1293 sequentes

290 1314 402 1379 Mitior
424 1313 479 1378 hic
501 1311 558 1376 illo
580 1321 637 1396 est,
660 1312 798 1375 nimium
821 1310 879 1376 sed
901 1310 1036 1397 quilibet
1059 1313 1166 1378 audet

292 1422 376 1487 Sunt
399 1420 502 1505 multi,
525 1418 643 1505 quibus
666 1417 723 1481 illa
745 1417 835 1482 sedet
858 1420 1025 1503 sententia,
1048 1420 1104 1483 fiat

289 1528 391 1615 Copia
414 1528 442 1591 si
465 1526 578 1592 calicis
601 1525 729 1612 populo,
753 1526 831 1590 satis
854 1547 933 1611 esse7
956 1547 1017 1590 nec
1041 1526 1125 1591 ultra

202 1687 207 1694 .
248 1687 256 1700 .
288 1635 465 1715 Quaerere:
489 1632 625 1697 romulei
649 1633 825 1697 consistere
847 1643 954 1697 cetera
976 1633 1113 1720 templi.l

288 1742 444 1827 Antiquis
468 1750 597 1806 servata
620 1741 714 1803 annis
746 1741 906 1803 consortia
929 1738 1005 1804 lecti

289 1847 495 1937 Presbyteris
520 1846 585 1931 alii,
609 1855 716 1910 servat
740 1868 835 1932 quem
859 1844 1000 1911 Graecia
1022 1870 1153 1933 morem,

287 1952 511 2021 Permittenda
534 1963 658 2039 putant,
681 1975 723 2017 ne
745 1963 934 2018 consecrata
955 1954 1028 2018 Deo
1050 1976 1131 2040 gens

287 2062 413 2126 Uratur
434 2061 599 2145 vetitoque
623 2060 741 2124 ardens
764 2059 955 2124 succumbat
978 2062 1089 2125 amori.

200 2222 204 2227 .
245 2219 252 2235 .
284 2168 358 2233 Non
380 2168 503 2231 iniusta
526 2176 657 2250 canunt,
680 2189 818 2253 magnus
841 2167 939 2230 Pater
961 2178 1084 2232 annuat
1107 2168 1171 2232 illis

287 2275 322 2341 si
345 2273 442 2339 modo
465 2272 637 2357 romuleus,
662 2294 834 2358 sacrasque
857 2272 1052 2338 adeuntibus
1076 2296 1158 2359 aras,

288 2382 361 2462 Quo
385 2382 469 2467 potis
492 2381 629 2466 imperio
651 2389 708 2463 est,
739 2381 861 2443 iustum
893 2381 978 2444 sinat
1000 2404 1070 2446 esse
1096 2381 1323 2470 hymenaeum.

289 2488 359 2552 Hos
382 2487 505 2572 tuleris,
528 2485 656 2551 trifidae
679 2488 707 2550 si
730 2486 809 2573 quid
833 2487 1003 2551 credamus
1027 2488 1159 2552 alumno

288 2594 463 2662 Sicaniae.¹
487 2596 549 2657 Ast
572 2594 659 2679 audi,
683 2593 771 2658 dicat
794 2594 872 2680 quid
896 2604 1004 2659 cetera
1026 2595 1131 2659 turba

246 2754 253 2767 .
290 2702 355 2767 Hic
377 2701 499 2787 templo
523 2699 699 2765 simulacra
722 2700 812 2765 iubet
834 2701 1019 2783 detrudere3
1042 2701 1200 2788 templum

287 2808 348 2873 Ille
371 2808 457 2871 intra
481 2831 551 2873 sese
575 2808 741 2873 contendit
763 2807 881 2872 habere
904 2818 1065 2894 negatque

287 2916 369 2980 Esse
394 2915 467 2979 aliis
491 2937 586 3001 opus3
610 2938 680 2979 esse
703 2915 795 2979 nolas
819 2917 992 2980 commissa
1014 2918 1108 2981 fateri

284 3023 399 3087 Prisco
422 3044 521 3103 more,
544 3022 653 3086 Deum
677 3020 758 3085 nihil
781 3024 940 3108 ignorare,
963 3045 1024 3087 nec
1047 3024 1140 3087 illum

286 3130 386 3194 Posse
408 3129 510 3194 latere
534 3126 670 3215 aliquid3
692 3130 821 3216 templis
845 3130 1023 3194 accendere
1045 3130 1154 3195 lumen

225 3259 250 3301 s.
286 3236 477 3302 Ridiculum
501 3236 624 3321 dicunt,
648 3235 774 3300 nullum
799 3259 875 3300 nam
898 3235 1021 3301 lumine
1045 3236 1155 3302 lumen

286 3342 416 3430 Indiget
440 3354 608 3408 aeternum
631 3343 773 3407 tenebris
796 3343 909 3429 procul
932 3343 1008 3408 inde
1033 3344 1163 3429 fugatis.

285 3449 463 3536 Implorare
487 3450 652 3514 bominem
676 3450 769 3514 divos
792 3461 824 3515 et
846 3460 918 3515 ture
940 3450 1034 3516 litare

286 3556 343 3620 Ius
367 3557 483 3641 fasque
507 3579 578 3622 csse
601 3568 730 3643 negant,
753 3568 849 3644 atquc
873 3557 1035 3644 appellare
1059 3558 1231 3645 precando,

285 3662 414 3728 Acoisis
438 3664 536 3728 rebus
560 3687 618 3728 nos
643 3687 718 3728 cum
742 3666 873 3728 fortuna
894 3667 1012 3751 premit
1034 3676 1120 3729 trux.

241 3819 248 3833 .
284 3768 441 3834 Delectus
465 3770 635 3857 epularum
659 3769 715 3834 alii
738 3783 769 3836 et
793 3773 915 3835 ieiunia
937 3771 1102 3836 damnant.

285 3874 436 3962 Corporis
460 3886 575 3941 exutos
599 3877 708 3942 vinclo
731 3888 762 3941 ct
786 3900 942 3964 compage
965 3876 1086 3942 solutos

286 3981 358 4046 Hac
382 3982 501 4069 fragili,
524 3993 627 4048 terras
651 3982 800 4070 linquens
824 4006 900 4049 cum
922 3985 990 4048 vita
1012 3986 1155 4070 recessit>

282 4171 383 4178 .-—-.

287 4265 294 4294 ¹
314 4267 358 4317 sie
376 4266 578 4332 interpungitur
597 4268 624 4316 in
645 4268 721 4317 libre.

287 4353 465 4418 ’Quemnam
490 4355 541 4407 hoc
566 4357 672 4406 nomine
691 4366 795 4422 tangat,
819 4374 872 4405 non
891 4372 1018 4421 assequor
1037 4358 1104 4421 (Nic.
1125 4359 1157 4408 dc
1177 4359 1323 4411 Tudescbia

180 4442 439 4512 Panorrultanumt);
458 4453 530 4496 certe
554 4452 662 4510 proptor
688 4462 797 4496 causam
816 4447 980 4495 matrimonii
1000 4448 1073 4498 Stan.
1100 4448 1236 4500 Orichorii
1256 4451 1324 4501 talia

179 4536 234 4583 tum
252 4533 409 4584 accuratius
429 4535 626 4585 tractabantur.

1168 4631 1216 4684 11*
