2948 5302
330 122 375 185 76
806 136 883 171 rurru
903 136 992 171 aorrnr

332 210 335 214 .
356 207 522 215 -.,....-.--
530 208 558 212 -
567 206 785 213 -------.-—-·-
794 206 984 213 ------——-
993 206 1286 213 -.---..-—-...—-
1311 207 1317 213 -
1328 200 1464 214 -—-·-··

348 222 412 228 -...,
423 224 431 228 -
439 219 562 227 -.--.-.-
570 218 624 225 --
634 218 660 225 ...-
680 218 818 225 -.-..-.---.
1046 218 1283 227 „fia-*-
1335 214 1464 227 ——-——-

357 352 404 396 ro.
436 331 578 417 Elisabe‚
601 340 754 419 exoptata
775 330 836 395 tibi
858 330 1078 418 pulcherrima
1100 331 1235 397 coniux.

438 439 565 504 Nectite
589 437 699 503 vincla
722 459 825 524 parea,
849 437 960 502 felices
983 438 1109 524 iungite
1131 436 1275 523 dextras,

439 544 546 609 Corda
568 544 646 626 firle3
669 545 762 609 Deus
784 554 898 609 auctor
919 542 1011 609 adeat
1032 542 1186 631 delapsus
1209 543 1358 633 Olympo,

437 652 534 718 Caelo
558 651 711 738 delapsus
735 673 847 716 eoram
869 662 926 736 est,
950 653 1006 737 qui
1030 650 1162 717 foedera
1185 651 1303 735 firmat,

438 758 504 837 Qui
529 781 587 823 voa
609 768 767 845 perpetua
789 758 869 822 facit
893 780 959 822 una
982 757 1053 845 lege
1075 759 1188 823 teuer'n

357 887 406 930 ao.
437 865 503 944 Qui
526 878 558 929 et
581 864 671 930 iubet
693 887 764 929 esse
787 864 869 928 duos
893 887 1004 949 unum,
1025 865 1082 950 qui
1106 886 1229 948 corque
1251 866 1464 949 animamur:

438 972 593 1037 Infractia
617 972 748 1056 stringit
770 970 889 1035 vinclis
913 991 1133 1057 compageque
1155 992 1264 1058 caeca,

439 1078 547 1142 Effera
570 1102 668 1166 quarn
691 1079 754 1142 nisi
779 1100 867 1142 mors
889 1078 965 1143 olim
989 1078 1113 1165 luxque
1136 1077 1252 1143 ultima
1275 1078 1382 1144 solvat

527 1185 658 1273 Hymen
684 1184 780 1249 dulce
803 1184 873 1269 tibi,
896 1207 915 1248 o
937 1183 1068 1271 hymen,
1091 1183 1254 1269 Badimo,
1276 1196 1410 1250 canatur.

437 1292 509 1356 Rex
533 1293 702 1375 Augustus
725 1290 816 1355 adeat
841 1289 1014 1379 hymenaei
1037 1291 1128 1355 testis
1151 1300 1184 1356 et
1207 1290 1286 1355 almi

357 1419 404 1462 aa.
435 1398 596 1483 Coniugii,
620 1397 777 1461 thalamos
800 1407 890 1461 tanto
913 1396 1067 1483 dignatus
1089 1395 1220 1482 honore,

440 1505 565 1569 Felices
590 1504 758 1568 thalamos.
789 1505 886 1568 Pater
908 1515 939 1567 et
962 1503 1158 1569 Siamundua
1181 1504 1319 1589 adesset,

438 1614 547 1695 Aegra
570 1610 722 1675 valetudo
745 1610 829 1675 lecto
852 1611 914 1674 nisi
937 1611 1016 1696 figat
1035 1621 1068 1675 ct
1090 1632 1209 1676 aevum

439 1718 512 1781 lleu
537 1719 634 1781 nimis
658 1719 820 1782 inclinans
844 1717 1036 1801 defectaque
1058 1717 1185 1783 viribus
1209 1729 1309 1783 aetam.

438 1824 479 1887 Et
504 1825 603 1908 Bona,
627 1825 782 1888 matronis
806 1836 937 1889 centum
960 1826 1113 1889 comitata
1135 1824 1256 1905 latinis,

354 1952 403 1995 eo.
438 1931 500 1993 llic
523 1931 647 2015 aderas,
671 1931 785 1995 aderas
808 1930 900 1994 Bona
921 1952 1036 2015 regum
1060 1932 1194 2017 sanguis
1217 1931 1353 2001 iberum,

440 2037 503 2103 Sed
529 2038 614 2123 regis
638 2038 751 2123 regina
773 2038 821 2100 tui
844 2049 876 2101 te
900 2059 979 2101 eura
1002 2035 1172 2121 remordet,

439 2145 507 2208 Nee
532 2146 608 2208 sinit
632 2145 678 2209 ire
702 2143 797 2208 domo
820 2144 986 2227 laetasque
1010 2142 1165 2209 accedere
1187 2143 1311 2209 taedas.

530 2252 660 2340 Hymen
685 2250 781 2315 dulce
804 2250 872 2334 tibi,
896 2276 914 2314 o
938 2250 1068 2338 hymen,
1091 2249 1254 2335 Radivilo,
1277 2260 1413 2315 canatur.

438 2358 575 2423 Centum
600 2358 718 2421 adsunt
743 2359 833 2443 regni
858 2379 1017 2443 proceres,
1041 2356 1203 2439 Radivih,
1225 2368 1321 2421 tuum
1344 2356 1395 2444 qui

354 2488 404 2528 aa.
436 2464 671 2529 &accelebrant
694 2463 813 2529 hilares
836 2463 1052 2551 hymenaeum
1078 2463 1226 2547 festaque
1248 2463 1344 2530 lacta

438 2573 537 2634 laeta
563 2573 713 2635 laventus
737 2571 804 2656 agit
827 2581 956 2656 totoque
979 2580 1027 2635 est
1050 2582 1179 2657 pectore
1202 2570 1299 2636 laeta.

437 2679 529 2741 Talia
553 2679 704 2763 coniugia
728 2687 759 2741 et
782 2676 863 2741 tales
887 2677 1051 2742 celebrare
1073 2677 1274 2766 hymenaeos

438 2787 583 2869 Quisque
606 2784 667 2848 sibi
692 2785 840 2869 carisque
864 2785 931 2847 suis
955 2794 1051 2869 atque
1074 2784 1225 2848 omnihus
1248 2795 1347 2871 optat.

528 2891 556 2952 ll
563 2914 659 2978 ¹rmen
685 2890 780 2954 dulce
803 2890 871 2973 tibi,
895 2914 913 2953 o
936 2890 1068 2977 lamecu,
1093 2888 1255 2971 lladivilo,
1279 2899 1417 2955 canatur.

357 3020 404 3060 ro.
435 2997 525 3060 hlille
549 2997 666 3060 adsunt
691 2996 845 3082 pulchrae
871 3019 988 3079 magna
1012 2996 1052 3060 de
1076 2996 1175 3083 stirpe
1199 2996 1336 3082 puellae,

439 3104 503 3165 (lre
527 3126 615 3166 rosas
639 3104 733 3167 uiroc
757 3104 931 3167 referentes
954 3102 1023 3167 lilia
1046 3102 1137 3187 collo,

439 3209 531 3288 Quae
556 3210 676 3273 Veneri
700 3211 804 3272 lorum
828 3220 950 3273 certent
974 3221 1005 3273 et
1029 3231 1117 3274 more
1140 3209 1279 3275 Dianae

438 3317 528 3378 eluro
553 3338 638 3379 nexa
662 3337 771 3379 eomas
795 3316 995 3397 distringunt
1018 3337 1166 3401 premmea
1188 3325 1289 3380 serta:

437 3422 599 3485 Pallentes
623 3422 725 3485 riolas
749 3421 838 3506 haee,
863 3424 972 3508 nigros
996 3423 1052 3486 illa
1076 3420 1249 3511 corymbos

355 3550 402 3592 ro.
435 3530 689 3614 Narcissumque
713 3530 837 3593 inritata
861 3540 891 3594 ct
914 3530 1035 3594 olentes
1059 3529 1173 3593 suavia
1196 3528 1293 3595 flores

438 3640 542 3700 Omne
565 3658 677 3719 genus.
708 3636 856 3722 Namque
880 3638 964 3702 acris
988 3636 1091 3701 hiems
1115 3636 1190 3702 nive
1209 3638 1354 3723 contegit
1370 3649 1455 3722 agro&

437 3742 637 3823 Constringit
660 3753 828 3824 terrasque
851 3743 924 3828 gelu
949 3743 1117 3828 glacieque
1141 3751 1278 3825 coercet,

438 3848 506 3911 Nec
530 3847 622 3910 laxos
646 3850 770 3934 aperire
794 3850 884 3912 sinus
908 3851 984 3913 sinit
1008 3872 1122 3935 aspera
1143 3848 1271 3913 bruma

439 3956 535 4039 Ergo,
559 3955 659 4037 nefas,
684 3955 776 4017 lloros
801 3959 954 4020 mentitur
977 3979 1105 4038 genrma
1128 3966 1263 4041 negatos

356 4083 406 4124 ac.
437 4059 570 4124 Grande
596 4064 694 4144 nefas
719 4063 888 4126 llannuans
914 4065 1010 4127 nectit
1036 4086 1093 4149 pro
1117 4063 1193 4127 llere
1216 4085 1370 4152 pyropus,

437 4168 659 4254 Teurprnaque
683 4170 884 4255 frontemque
909 4184 1032 4256 aptans,
1057 4170 1246 4252 crinemque
1269 4169 1414 4234 fluentem
