3016 5310
286 648 445 716 Custodes
470 649 626 737 Spartae¹
652 650 776 714 catulos
801 649 980 735 fortemque
1004 649 1181 714 molossum

287 756 391 820 Adde.
422 755 525 820 Vides
548 756 654 820 malus
678 767 713 819 ut
736 757 861 821 eireum
885 756 1057 820 insidietur
1080 755 1158 820 ovili

286 862 474 927 Nocturnus
498 862 552 926 fur
575 873 606 927 et
630 863 742 928 fauces
765 863 862 949 lupas
887 862 997 927 aridus
1022 863 1114 947 imas,

286 968 393 1032 Dente
416 970 529 1032 minax
553 969 718 1055 oculisque
742 980 773 1034 et
797 971 880 1033 rietu
905 968 1056 1033 turbidus
1079 979 1158 1032 atro.

208 1099 254 1140 rs.
375 1073 478 1139 Felix.
503 1099 521 1138 o
545 1077 661 1140 iterum
686 1077 774 1161 felix,
798 1087 847 1141 ter
871 1076 1018 1143 Sarmata
1042 1074 1132 1159 felix,

288 1180 377 1246 Gens
401 1183 538 1245 nimium
562 1181 681 1247 dilecta
702 1184 783 1266 Deo,
809 1184 863 1248 eui
887 1183 955 1246 fata
978 1181 1097 1247 dedere

288 1288 378 1352 Inter
400 1288 519 1353 habere
543 1312 617 1353 suos
630 1295 649 1365 ²,
672 1291 730 1354 toti
754 1312 849 1376 quem
872 1290 1035 1376 praeferat
1058 1287 1138 1372 orbi,

287 1393 454 1480 Insignem
477 1396 595 1481 pietate
620 1397 727 1460 virum
738 1403 757 1460 ³.
789 1397 900 1461 Decus
924 1394 1051 1460 aethere
1078 1394 1215 1480 dignum

289 1499 362 1564 Non
386 1500 447 1565 hoe
472 1502 625 1566 sustinuit
649 1514 719 1589 post
743 1505 797 1588 Te,
822 1504 916 1567 Petre
942 1503 1089 1585 Bariona,
1112 1502 1221 1564 maius

207 1631 254 1672 ao.
286 1605 470 1670 Romanum
494 1608 619 1693 solium,
643 1633 708 1673 non
732 1633 799 1697 par,
822 1632 896 1694 non,
919 1619 1066 1695 torqueat
1090 1607 1201 1672 aether

289 1714 389 1777 Astra
412 1714 488 1780 lieet
512 1717 662 1802 viresque
686 1740 761 1780 suas
785 1716 931 1782 effundat
954 1716 1127 1805 Olympus.

289 1821 328 1885 In
355 1822 504 1887 Samuele
529 1846 595 1907 suo,
618 1825 722 1910 potuit
746 1846 966 1909 quaeeunque,
990 1821 1135 1909 profudit

290 1927 503 2014 Omnipotens
527 1941 642 1993 natura
665 1930 810 2017 nihilque
835 1929 993 1994 exhausta
1016 1928 1147 2014 reliquit

291 2033 367 2120 Ipsa
391 2034 452 2099 sibi
476 2037 655 2121 egregium:
679 2037 759 2101 viles
783 2037 938 2122 effingere
962 2036 1092 2118 formas,

210 2163 258 2207 ao.
289 2141 380 2205 Viles
404 2141 522 2207 dehine
547 2144 671 2207 animas
695 2156 726 2208 et
750 2166 885 2230 corporo
907 2144 1014 2229 turpia
1038 2141 1151 2205 diseat.

382 2248 484 2332 Felix,
508 2272 526 2312 o
550 2248 629 2313 felix
653 2251 790 2313 nimium
813 2250 980 2333 Oraeoria,
1004 2247 1102 2311 talem

291 2352 462 2418 Rectorem
485 2368 589 2419 naeta.
624 2357 695 2420 Hoe
719 2357 795 2420 olim
818 2356 1005 2442 promittere
1029 2352 1156 2417 eaelum

291 2461 361 2524 Nee
384 2462 488 2525 maius
512 2464 615 2549 potuit
640 2486 698 2527 nee
721 2474 756 2527 tu
781 2486 919 2549 sperare.
951 2462 1084 2525 Beatam

295 2567 391 2632 Otel
416 2569 563 2634 Iustitiae
587 2593 742 2655 magnum
766 2570 885 2635 diceris
909 2569 1047 2658 asylum.

212 2697 258 2740 ao.
294 2674 323 2740 O
345 2686 401 2738 tua
426 2698 459 2740 se
482 2678 613 2762 quantis
637 2678 758 2741 attollet
782 2678 886 2763 gloria
910 2677 1019 2741 rebus:

293 2782 424 2846 Die-eris
447 2805 534 2847 nova
557 2784 660 2847 Roma
684 2807 850 2870 novaeque
874 2783 1031 2848 voeabere
1055 2782 1218 2847 Athenae!

295 2888 414 2953 Omnia
437 2890 597 2954 llorebunt
620 2901 650 2954 et
674 2892 708 2953 in
730 2891 791 2956 hoo
815 2892 1003 2956 diserimine
1026 2913 1145 2975 rerum,

295 2996 355 3059 Tot
379 2997 497 3061 iaetata
522 2997 616 3061 malis
641 2997 757 3062 studiis
781 3010 812 3063 et
835 3022 937 3085 paene
961 2998 1105 3081 subaeta,

295 3103 420 3189 Religio
444 3115 590 3189 assurget
614 3105 703 3169 eaelo
726 3117 757 3169 et
781 3117 878 3192 eaput
901 3117 1027 3170 exseret
1051 3104 1124 3168 alte.

214 3232 261 3274 ss.
295 3211 386 3273 Iusta
409 3210 489 3274 fides
513 3212 680 3298 pietasque
705 3236 809 3297 sunm,
833 3212 928 3276 modo
951 3213 1083 3276 nomina
1106 3232 1202 3294 vana,

295 3316 457 3382 Cultorem
481 3319 660 3399 invenient3
684 3320 863 3404 Astraeum,
887 3342 969 3406 quae
993 3318 1108 3383 ultima
1129 3318 1224 3404 liquit

296 3424 417 3490 Orbem
440 3448 547 3510 exosa,
571 3436 646 3488 tuus
671 3426 809 3491 dedueet
834 3427 874 3491 ab
899 3427 1027 3491 aethere
1050 3424 1189 3514 praesul.

385 3533 546 3596 Iustitiam
571 3534 675 3598 eolere
699 3557 737 3599 aa
761 3534 895 3621 populos
919 3535 953 3597 in
976 3557 1057 3620 paee
1081 3544 1190 3598 tenere

297 3639 404 3702 Huius
428 3641 487 3704 erit
512 3641 664 3726 studium,
688 3653 718 3707 et
741 3653 872 3707 tenuem
895 3665 936 3707 ne
960 3642 1078 3705 iniuria
1101 3640 1229 3728 plebem

216 3769 263 3810 ro.
295 3747 396 3812 Visve
420 3760 544 3832 premat
567 3751 677 3834 maior⁷
702 3773 742 3814 ne
766 3751 844 3837 quid
869 3751 939 3814 sine
960 3749 1088 3835 legibus
1112 3749 1198 3812 ausit

296 3855 379 3918 lnve
403 3854 508 3918 aliena
531 3868 604 3920 ruat
628 3855 680 3921 rel
705 3880 802 3922 saevo
826 3869 922 3921 natus
946 3856 1082 3922 Achille.

296 3960 352 4024 Nil
375 3984 478 4045 genus
502 3964 623 4048 egregii
648 3975 703 4027 aut
726 3965 812 4028 tituli
837 3987 995 4029 nomenve
1020 3962 1205 4050 superbum,

297 4068 364 4131 Vix
388 4079 548 4153 gestatum
574 4073 694 4134 umeris
717 4071 797 4135 nihil
822 4073 936 4158 ingens
960 4071 1101 4158 proderit
1126 4091 1252 4151 aurum,

302 4338 308 4365 ¹
329 4338 368 4386 ed.
391 4346 539 4401 „spartae“.

301 4426 310 4454 ²
330 4430 404 4477 Cous.
426 4430 518 4478 Horat.
540 4431 627 4479 Carm.
649 4433 667 4492 Ι,
689 4427 730 4481 li.
752 4428 791 4480 19:
815 4433 885 4479 lnter
905 4432 964 4479 lusa
984 4429 1108 4478 nitentes.

301 4514 310 4545 ³
330 4519 408 4583 Verg.
429 4523 493 4568 Aen.
513 4522 534 4573 l,
556 4517 595 4569 10.
