<?xml version="1.0" encoding="UTF-8"?>
<!DOCTYPE html PUBLIC "-//W3C//DTD XHTML 1.0 Transitional//EN"
    "http://www.w3.org/TR/xhtml1/DTD/xhtml1-transitional.dtd">
<html xmlns="http://www.w3.org/1999/xhtml" xml:lang="en" lang="en">
 <head>
  <title>
</title>
<meta http-equiv="Content-Type" content="text/html;charset=utf-8" />
  <meta name='ocr-system' content='tesseract 3.04.00' />
  <meta name='ocr-capabilities' content='ocr_page ocr_carea ocr_par ocr_line ocrx_word'/>
</head>
<body>
  <div class='ocr_page' id='page_1' title='image "./petriroyziimaur01morogoog_0185.png"; bbox 0 0 3016 5310; ppageno 0'>
   <div class='ocr_carea' id='block_1_1' title="bbox 793 456 978 493">
    <p class='ocr_par' dir='ltr' id='par_1_1' title="bbox 793 456 978 493">
     <span class='ocr_line' id='line_1_1' title="bbox 793 456 978 493; baseline -0.011 -1"><span class='ocrx_word' id='word_1_1' title='bbox 793 456 871 493; x_wconf 57' lang='lat' dir='ltr'>&amp;Bw</span> <span class='ocrx_word' id='word_1_2' title='bbox 890 456 978 492; x_wconf 68' lang='lat' dir='ltr'>Romi</span> 
     </span>
    </p>
   </div>
   <div class='ocr_carea' id='block_1_2' title="bbox 897 521 1461 542">
    <p class='ocr_par' dir='ltr' id='par_1_2' title="bbox 897 521 1461 542">
     <span class='ocr_line' id='line_1_2' title="bbox 897 521 1461 542; baseline -0.005 3"><span class='ocrx_word' id='word_1_3' title='bbox 897 526 1039 532; x_wconf 78' lang='grc'>-“““</span> <span class='ocrx_word' id='word_1_4' title='bbox 1044 526 1049 531; x_wconf 90' lang='grc'><strong>”</strong></span> <span class='ocrx_word' id='word_1_5' title='bbox 1057 524 1224 531; x_wconf 81' lang='grc'><em>”“-““-·“”“</em></span> <span class='ocrx_word' id='word_1_6' title='bbox 1228 521 1461 542; x_wconf 66' lang='lat'><strong>---&#39;-——-&#39;=‘</strong></span> 
     </span>
    </p>
   </div>
   <div class='ocr_carea' id='block_1_3' title="bbox 668 1512 1121 1791">
    <p class='ocr_par' dir='ltr' id='par_1_3' title="bbox 668 1512 1121 1791">
     <span class='ocr_line' id='line_1_3' title="bbox 874 1512 905 1577; baseline 0 0"><span class='ocrx_word' id='word_1_7' title='bbox 874 1512 905 1577; x_wconf 84' lang='lat'>6.</span> 
     </span>
     <span class='ocr_line' id='line_1_4' title="bbox 668 1706 1121 1791; baseline -0.009 0"><span class='ocrx_word' id='word_1_8' title='bbox 668 1706 1121 1791; x_wconf 74' lang='lat' dir='ltr'>EPITHALAMIUM</span> 
     </span>
    </p>
   </div>
   <div class='ocr_carea' id='block_1_4' title="bbox 359 1846 1420 2053">
    <p class='ocr_par' dir='ltr' id='par_1_4' title="bbox 359 1846 1420 2053">
     <span class='ocr_line' id='line_1_5' title="bbox 359 1846 1420 1931; baseline -0.008 -15"><span class='ocrx_word' id='word_1_9' title='bbox 359 1853 579 1931; x_wconf 87' lang='lat' dir='ltr'>Optimorum</span> <span class='ocrx_word' id='word_1_10' title='bbox 605 1849 835 1910; x_wconf 85' lang='lat' dir='ltr'><strong>Maximorum</strong></span> <span class='ocrx_word' id='word_1_11' title='bbox 859 1849 1071 1926; x_wconf 79' lang='lat' dir='ltr'>sigismundi</span> <span class='ocrx_word' id='word_1_12' title='bbox 1093 1848 1244 1910; x_wconf 85' lang='lat' dir='ltr'>Secundi</span> <span class='ocrx_word' id='word_1_13' title='bbox 1267 1846 1420 1926; x_wconf 79' lang='lat' dir='ltr'>Augusti</span> 
     </span>
     <span class='ocr_line' id='line_1_6' title="bbox 432 1972 1344 2053; baseline -0.003 -15"><span class='ocrx_word' id='word_1_14' title='bbox 432 1987 467 2038; x_wconf 86' lang='lat' dir='ltr'>et</span> <span class='ocrx_word' id='word_1_15' title='bbox 491 1975 645 2036; x_wconf 82' lang='lat' dir='ltr'>Elisabes</span> <span class='ocrx_word' id='word_1_16' title='bbox 668 1975 876 2034; x_wconf 84' lang='lat' dir='ltr'>Ferdinandi</span> <span class='ocrx_word' id='word_1_17' title='bbox 900 1973 1084 2053; x_wconf 85' lang='lat' dir='ltr'>Quiritium</span> <span class='ocrx_word' id='word_1_18' title='bbox 1107 1974 1199 2050; x_wconf 87' lang='lat' dir='ltr'>regis</span> <span class='ocrx_word' id='word_1_19' title='bbox 1222 1972 1311 2035; x_wconf 84' lang='lat' dir='ltr'>filiae</span> <span class='ocrx_word' id='word_1_20' title='bbox 1322 1974 1344 2035; x_wconf 91' lang='lat'>¹.</span> 
     </span>
    </p>
   </div>
   <div class='ocr_carea' id='block_1_5' title="bbox 817 2165 974 2191">
    <p class='ocr_par' dir='ltr' id='par_1_5' title="bbox 817 2165 974 2191">
     <span class='ocr_line' id='line_1_7' title="bbox 817 2165 974 2191; baseline 0.019 -12"><span class='ocrx_word' id='word_1_21' title='bbox 817 2165 974 2191; x_wconf 53' lang='grc' dir='ltr'>...η-0...»-</span> 
     </span>
    </p>
   </div>
   <div class='ocr_carea' id='block_1_6' title="bbox 636 2329 1136 2470">
    <p class='ocr_par' dir='ltr' id='par_1_6' title="bbox 636 2329 1136 2470">
     <span class='ocr_line' id='line_1_8' title="bbox 865 2329 921 2380; baseline -0.036 0"><span class='ocrx_word' id='word_1_22' title='bbox 865 2329 921 2380; x_wconf 79' lang='lat' dir='ltr'>Ad</span> 
     </span>
     <span class='ocr_line' id='line_1_9' title="bbox 636 2418 1136 2470; baseline -0.006 0"><span class='ocrx_word' id='word_1_23' title='bbox 636 2418 920 2470; x_wconf 81' lang='lat' dir='ltr'>Sacrosanetum</span> <span class='ocrx_word' id='word_1_24' title='bbox 941 2418 1136 2468; x_wconf 78' lang='lat' dir='ltr'>antistitem</span> 
     </span>
    </p>
   </div>
   <div class='ocr_carea' id='block_1_7' title="bbox 561 2520 1222 2605">
    <p class='ocr_par' dir='ltr' id='par_1_7' title="bbox 561 2520 1222 2605">
     <span class='ocr_line' id='line_1_10' title="bbox 561 2520 1222 2605; baseline -0.006 -16"><span class='ocrx_word' id='word_1_25' title='bbox 561 2522 861 2589; x_wconf 83' lang='lat' dir='ltr'><strong>SAMUELEM</strong></span> <span class='ocrx_word' id='word_1_26' title='bbox 890 2520 1222 2605; x_wconf 82' lang='lat' dir='ltr'>MAOIOVIUM,</span> 
     </span>
    </p>
   </div>
   <div class='ocr_carea' id='block_1_8' title="bbox 441 2629 1343 2785">
    <p class='ocr_par' dir='ltr' id='par_1_8' title="bbox 441 2629 1343 2785">
     <span class='ocr_line' id='line_1_11' title="bbox 441 2629 1343 2698; baseline -0.002 -16"><span class='ocrx_word' id='word_1_27' title='bbox 441 2630 611 2682; x_wconf 84' lang='lat' dir='ltr'>Pioeeneium</span> <span class='ocrx_word' id='word_1_28' title='bbox 627 2631 780 2698; x_wconf 79' lang='lat' dir='ltr'>episcopum</span> <span class='ocrx_word' id='word_1_29' title='bbox 800 2630 928 2696; x_wconf 77' lang='lat' dir='ltr'>regnique</span> <span class='ocrx_word' id='word_1_30' title='bbox 946 2629 1073 2680; x_wconf 80' lang='lat' dir='ltr'>Poioniee</span> <span class='ocrx_word' id='word_1_31' title='bbox 1091 2629 1343 2695; x_wconf 74' lang='lat' dir='ltr'>procuncellerium,</span> 
     </span>
     <span class='ocr_line' id='line_1_12' title="bbox 783 2718 998 2785; baseline 0 -16"><span class='ocrx_word' id='word_1_32' title='bbox 783 2720 871 2785; x_wconf 82' lang='lat' dir='ltr'>operit</span> <span class='ocrx_word' id='word_1_33' title='bbox 890 2718 998 2770; x_wconf 86' lang='lat' dir='ltr'>dicatio.</span> 
     </span>
    </p>
   </div>
   <div class='ocr_carea' id='block_1_9' title="bbox 346 2891 1466 4046">
    <p class='ocr_par' dir='ltr' id='par_1_9' title="bbox 425 2891 1343 3298">
     <span class='ocr_line' id='line_1_13' title="bbox 428 2891 1278 2979; baseline -0.004 -19"><span class='ocrx_word' id='word_1_34' title='bbox 428 2892 656 2960; x_wconf 82' lang='lat' dir='ltr'>Sauromatum</span> <span class='ocrx_word' id='word_1_35' title='bbox 677 2892 817 2979; x_wconf 84' lang='lat' dir='ltr'>praesul,</span> <span class='ocrx_word' id='word_1_36' title='bbox 839 2892 989 2976; x_wconf 85' lang='lat' dir='ltr'>Maeiovi,</span> <span class='ocrx_word' id='word_1_37' title='bbox 1013 2891 1102 2957; x_wconf 87' lang='lat' dir='ltr'>eulta</span> <span class='ocrx_word' id='word_1_38' title='bbox 1124 2898 1278 2957; x_wconf 84' lang='lat' dir='ltr'>tuorum²</span> 
     </span>
     <span class='ocr_line' id='line_1_14' title="bbox 425 2998 1342 3086; baseline 0.001 -23"><span class='ocrx_word' id='word_1_39' title='bbox 425 3000 490 3079; x_wconf 79' lang='lat' dir='ltr'>Qui</span> <span class='ocrx_word' id='word_1_40' title='bbox 513 3022 628 3086; x_wconf 89' lang='lat' dir='ltr'>regum</span> <span class='ocrx_word' id='word_1_41' title='bbox 649 3010 722 3086; x_wconf 86' lang='lat' dir='ltr'>post</span> <span class='ocrx_word' id='word_1_42' title='bbox 745 3010 871 3086; x_wconf 82' lang='lat' dir='ltr'>seeptra</span> <span class='ocrx_word' id='word_1_43' title='bbox 894 3021 979 3062; x_wconf 88' lang='lat' dir='ltr'>unus</span> <span class='ocrx_word' id='word_1_44' title='bbox 1003 2998 1120 3064; x_wconf 88' lang='lat' dir='ltr'>deeora</span> <span class='ocrx_word' id='word_1_45' title='bbox 1143 2998 1209 3064; x_wconf 91' lang='lat' dir='ltr'>alta</span> <span class='ocrx_word' id='word_1_46' title='bbox 1231 2999 1342 3085; x_wconf 91' lang='lat' dir='ltr'>poloni</span> 
     </span>
     <span class='ocr_line' id='line_1_15' title="bbox 427 3105 1273 3193; baseline -0.002 -21"><span class='ocrx_word' id='word_1_47' title='bbox 427 3106 596 3172; x_wconf 84' lang='lat' dir='ltr'>Sustentas</span> <span class='ocrx_word' id='word_1_48' title='bbox 618 3107 720 3192; x_wconf 86' lang='lat' dir='ltr'>regni,</span> <span class='ocrx_word' id='word_1_49' title='bbox 744 3106 798 3170; x_wconf 88' lang='lat' dir='ltr'>oui</span> <span class='ocrx_word' id='word_1_50' title='bbox 820 3128 854 3169; x_wconf 85' lang='lat' dir='ltr'>se</span> <span class='ocrx_word' id='word_1_51' title='bbox 876 3105 1079 3192; x_wconf 86' lang='lat' dir='ltr'>populusque</span> <span class='ocrx_word' id='word_1_52' title='bbox 1100 3115 1273 3193; x_wconf 84' lang='lat' dir='ltr'>patresque</span> 
     </span>
     <span class='ocr_line' id='line_1_16' title="bbox 426 3211 1343 3298; baseline -0.001 -20"><span class='ocrx_word' id='word_1_53' title='bbox 426 3212 648 3296; x_wconf 83' lang='lat' dir='ltr'>Committunt,</span> <span class='ocrx_word' id='word_1_54' title='bbox 671 3212 841 3298; x_wconf 87' lang='lat' dir='ltr'>gentisque</span> <span class='ocrx_word' id='word_1_55' title='bbox 864 3211 957 3275; x_wconf 87' lang='lat' dir='ltr'>datas</span> <span class='ocrx_word' id='word_1_56' title='bbox 980 3234 1038 3277; x_wconf 85' lang='lat' dir='ltr'>rex</span> <span class='ocrx_word' id='word_1_57' title='bbox 1061 3211 1164 3277; x_wconf 89' lang='lat' dir='ltr'>eredit</span> <span class='ocrx_word' id='word_1_58' title='bbox 1186 3211 1343 3298; x_wconf 81' lang='lat' dir='ltr'>habenas,</span> 
     </span>
    </p>

    <p class='ocr_par' dir='ltr' id='par_1_10' title="bbox 365 3318 1466 3832">
     <span class='ocr_line' id='line_1_17' title="bbox 365 3318 1408 3406; baseline 0 -22"><span class='ocrx_word' id='word_1_59' title='bbox 365 3342 392 3386; x_wconf 79' lang='lat' dir='ltr'>e.</span> <span class='ocrx_word' id='word_1_60' title='bbox 424 3319 593 3404; x_wconf 80' lang='lat' dir='ltr'>Quemque</span> <span class='ocrx_word' id='word_1_61' title='bbox 616 3340 718 3382; x_wconf 91' lang='lat' dir='ltr'>unum</span> <span class='ocrx_word' id='word_1_62' title='bbox 741 3319 867 3383; x_wconf 82' lang='lat' dir='ltr'>faciunt</span> <span class='ocrx_word' id='word_1_63' title='bbox 889 3340 998 3383; x_wconf 90' lang='lat' dir='ltr'>rerum</span> <span class='ocrx_word' id='word_1_64' title='bbox 1021 3318 1211 3406; x_wconf 79' lang='lat' dir='ltr'>arbitriique</span> <span class='ocrx_word' id='word_1_65' title='bbox 1233 3329 1408 3405; x_wconf 87' lang='lat' dir='ltr'>potentem,</span> 
     </span>
     <span class='ocr_line' id='line_1_18' title="bbox 424 3425 1466 3512; baseline 0.001 -24"><span class='ocrx_word' id='word_1_66' title='bbox 424 3464 469 3474; x_wconf 96' lang='lat'><em>-</em></span> <span class='ocrx_word' id='word_1_67' title='bbox 492 3425 598 3489; x_wconf 84' lang='lat' dir='ltr'>Tanta</span> <span class='ocrx_word' id='word_1_68' title='bbox 620 3425 701 3489; x_wconf 86' lang='lat' dir='ltr'>fides</span> <span class='ocrx_word' id='word_1_69' title='bbox 724 3425 866 3510; x_wconf 79' lang='lat' dir='ltr'>dextrae,</span> <span class='ocrx_word' id='word_1_70' title='bbox 890 3436 986 3512; x_wconf 88' lang='lat' dir='ltr'>atque</span> <span class='ocrx_word' id='word_1_71' title='bbox 1002 3425 1086 3491; x_wconf 85' lang='lat' dir='ltr'>altee</span> <span class='ocrx_word' id='word_1_72' title='bbox 1101 3425 1276 3512; x_wconf 87' lang='lat' dir='ltr'>prudentia</span> <span class='ocrx_word' id='word_1_73' title='bbox 1291 3426 1466 3511; x_wconf 85' lang='lat' dir='ltr'>mentis,-</span> 
     </span>
     <span class='ocr_line' id='line_1_19' title="bbox 424 3531 1249 3619; baseline -0.001 -23"><span class='ocrx_word' id='word_1_74' title='bbox 424 3532 557 3619; x_wconf 85' lang='lat' dir='ltr'>Aeeipe,</span> <span class='ocrx_word' id='word_1_75' title='bbox 582 3554 664 3618; x_wconf 87' lang='lat' dir='ltr'>quae</span> <span class='ocrx_word' id='word_1_76' title='bbox 687 3531 812 3596; x_wconf 79' lang='lat' dir='ltr'>calamo</span> <span class='ocrx_word' id='word_1_77' title='bbox 835 3532 931 3596; x_wconf 90' lang='lat' dir='ltr'>modo</span> <span class='ocrx_word' id='word_1_78' title='bbox 956 3532 1122 3597; x_wconf 86' lang='lat' dir='ltr'>festinavit</span> <span class='ocrx_word' id='word_1_79' title='bbox 1144 3531 1249 3596; x_wconf 88' lang='lat' dir='ltr'>hianti</span> 
     </span>
     <span class='ocr_line' id='line_1_20' title="bbox 422 3637 1272 3725; baseline 0 -21"><span class='ocrx_word' id='word_1_80' title='bbox 422 3639 550 3704; x_wconf 87' lang='lat' dir='ltr'>Dextra</span> <span class='ocrx_word' id='word_1_81' title='bbox 573 3637 673 3722; x_wconf 86' lang='lat' dir='ltr'>rudis,</span> <span class='ocrx_word' id='word_1_82' title='bbox 696 3638 800 3702; x_wconf 86' lang='lat' dir='ltr'>Musis</span> <span class='ocrx_word' id='word_1_83' title='bbox 823 3638 921 3703; x_wconf 85' lang='lat' dir='ltr'>nullis</span> <span class='ocrx_word' id='word_1_84' title='bbox 944 3650 976 3704; x_wconf 91' lang='lat' dir='ltr'>et</span> <span class='ocrx_word' id='word_1_85' title='bbox 998 3639 1150 3725; x_wconf 88' lang='lat' dir='ltr'>Apolline</span> <span class='ocrx_word' id='word_1_86' title='bbox 1173 3638 1272 3704; x_wconf 86' lang='lat' dir='ltr'>nullo</span> 
     </span>
     <span class='ocr_line' id='line_1_21' title="bbox 425 3744 1272 3832; baseline -0.001 -21"><span class='ocrx_word' id='word_1_87' title='bbox 425 3744 593 3811; x_wconf 87' lang='lat' dir='ltr'>Sismundi</span> <span class='ocrx_word' id='word_1_88' title='bbox 615 3745 758 3831; x_wconf 83' lang='lat' dir='ltr'>Augusti</span> <span class='ocrx_word' id='word_1_89' title='bbox 782 3745 995 3831; x_wconf 84' lang='lat' dir='ltr'>Elisabesque</span> <span class='ocrx_word' id='word_1_90' title='bbox 1017 3745 1140 3832; x_wconf 86' lang='lat' dir='ltr'>iugalia</span> <span class='ocrx_word' id='word_1_91' title='bbox 1162 3746 1272 3810; x_wconf 81' lang='lat' dir='ltr'>vinela</span> 
     </span>
    </p>

    <p class='ocr_par' dir='ltr' id='par_1_11' title="bbox 346 3852 1425 4046">
     <span class='ocr_line' id='line_1_22' title="bbox 346 3852 1425 3941; baseline 0 -24"><span class='ocrx_word' id='word_1_92' title='bbox 346 3873 394 3918; x_wconf 90' lang='lat'>10.</span> <span class='ocrx_word' id='word_1_93' title='bbox 426 3852 571 3917; x_wconf 88' lang='lat' dir='ltr'>Heroum</span> <span class='ocrx_word' id='word_1_94' title='bbox 595 3873 677 3917; x_wconf 83' lang='lat' dir='ltr'>uano</span> <span class='ocrx_word' id='word_1_95' title='bbox 701 3874 903 3938; x_wconf 84' lang='lat' dir='ltr'>magnorum,</span> <span class='ocrx_word' id='word_1_96' title='bbox 926 3862 1172 3938; x_wconf 85' lang='lat' dir='ltr'>extremumque</span> <span class='ocrx_word' id='word_1_97' title='bbox 1192 3852 1425 3941; x_wconf 78' lang='lat' dir='ltr'>hymenaeum,</span> 
     </span>
     <span class='ocr_line' id='line_1_23' title="bbox 426 3959 1268 4046; baseline -0.001 -23"><span class='ocrx_word' id='word_1_98' title='bbox 426 3959 577 4024; x_wconf 80' lang='lat' dir='ltr'>Aeternis</span> <span class='ocrx_word' id='word_1_99' title='bbox 600 3959 727 4023; x_wconf 86' lang='lat' dir='ltr'>Divum</span> <span class='ocrx_word' id='word_1_100' title='bbox 749 3960 893 4046; x_wconf 88' lang='lat' dir='ltr'>imperiis</span> <span class='ocrx_word' id='word_1_101' title='bbox 917 3969 948 4022; x_wconf 90' lang='lat' dir='ltr'>et</span> <span class='ocrx_word' id='word_1_102' title='bbox 971 3960 1105 4023; x_wconf 91' lang='lat' dir='ltr'>numine</span> <span class='ocrx_word' id='word_1_103' title='bbox 1128 3959 1268 4043; x_wconf 88' lang='lat' dir='ltr'>firmum,</span> 
     </span>
    </p>
   </div>
   <div class='ocr_carea' id='block_1_10' title="bbox 316 4151 1478 4573">
    <p class='ocr_par' dir='ltr' id='par_1_12' title="bbox 316 4151 1478 4486">
     <span class='ocr_line' id='line_1_24' title="bbox 429 4151 1477 4221; baseline 0.002 -17"><span class='ocrx_word' id='word_1_104' title='bbox 429 4152 439 4181; x_wconf 89' lang='lat'><strong>¹</strong></span> <span class='ocrx_word' id='word_1_105' title='bbox 459 4153 549 4204; x_wconf 78' lang='lat' dir='ltr'>Prima</span> <span class='ocrx_word' id='word_1_106' title='bbox 567 4168 629 4220; x_wconf 83' lang='lat' dir='ltr'>pers</span> <span class='ocrx_word' id='word_1_107' title='bbox 647 4152 727 4203; x_wconf 80' lang='lat' dir='ltr'>huius</span> <span class='ocrx_word' id='word_1_108' title='bbox 746 4151 912 4219; x_wconf 79' lang='lat' dir='ltr'>epithalamii</span> <span class='ocrx_word' id='word_1_109' title='bbox 926 4169 1009 4218; x_wconf 78' lang='lat' dir='ltr'>unque</span> <span class='ocrx_word' id='word_1_110' title='bbox 1022 4152 1057 4203; x_wconf 83' lang='lat' dir='ltr'>ed</span> <span class='ocrx_word' id='word_1_111' title='bbox 1070 4169 1094 4203; x_wconf 81' lang='lat' dir='ltr'>v.</span> <span class='ocrx_word' id='word_1_112' title='bbox 1108 4151 1161 4205; x_wconf 83' lang='lat'>227</span> <span class='ocrx_word' id='word_1_113' title='bbox 1176 4152 1283 4218; x_wconf 74' lang='lat' dir='ltr'>etipse,</span> <span class='ocrx_word' id='word_1_114' title='bbox 1303 4167 1375 4218; x_wconf 71' lang='lat' dir='ltr'>quae</span> <span class='ocrx_word' id='word_1_115' title='bbox 1392 4168 1477 4221; x_wconf 70' lang='lat' dir='ltr'>pree·</span> 
     </span>
     <span class='ocr_line' id='line_1_25' title="bbox 319 4241 1478 4308; baseline 0.001 -15"><span class='ocrx_word' id='word_1_116' title='bbox 319 4241 437 4294; x_wconf 87' lang='lat' dir='ltr'>mittitur</span> <span class='ocrx_word' id='word_1_117' title='bbox 455 4241 638 4307; x_wconf 77' lang='lat' dir='ltr'>epithalamio,</span> <span class='ocrx_word' id='word_1_118' title='bbox 657 4241 799 4305; x_wconf 80' lang='lat' dir='ltr'>dedicatio,</span> <span class='ocrx_word' id='word_1_119' title='bbox 813 4249 969 4292; x_wconf 70' lang='lat' dir='ltr'>assonetur</span> <span class='ocrx_word' id='word_1_120' title='bbox 981 4241 1066 4293; x_wconf 80' lang='lat' dir='ltr'>solum</span> <span class='ocrx_word' id='word_1_121' title='bbox 1082 4242 1110 4292; x_wconf 91' lang='lat' dir='ltr'>in</span> <span class='ocrx_word' id='word_1_122' title='bbox 1123 4241 1192 4292; x_wconf 88' lang='lat' dir='ltr'>libro</span> <span class='ocrx_word' id='word_1_123' title='bbox 1204 4249 1280 4292; x_wconf 84' lang='lat' dir='ltr'>meto.</span> <span class='ocrx_word' id='word_1_124' title='bbox 1300 4241 1478 4308; x_wconf 69' lang='lat' dir='ltr'>(tornisarni,</span> 
     </span>
     <span class='ocr_line' id='line_1_26' title="bbox 322 4330 1478 4397; baseline 0 -14"><span class='ocrx_word' id='word_1_125' title='bbox 322 4337 414 4383; x_wconf 79' lang='lat' dir='ltr'>cetere</span> <span class='ocrx_word' id='word_1_126' title='bbox 431 4337 540 4382; x_wconf 84' lang='lat' dir='ltr'>exstent</span> <span class='ocrx_word' id='word_1_127' title='bbox 555 4330 585 4381; x_wconf 90' lang='lat' dir='ltr'>in</span> <span class='ocrx_word' id='word_1_128' title='bbox 604 4339 716 4396; x_wconf 86' lang='lat' dir='ltr'>utroque</span> <span class='ocrx_word' id='word_1_129' title='bbox 735 4339 822 4395; x_wconf 78' lang='lat' dir='ltr'>meta,</span> <span class='ocrx_word' id='word_1_130' title='bbox 841 4340 868 4383; x_wconf 79' lang='lat' dir='ltr'>et</span> <span class='ocrx_word' id='word_1_131' title='bbox 887 4332 1041 4384; x_wconf 74' lang='lat' dir='ltr'>(lemicensi</span> <span class='ocrx_word' id='word_1_132' title='bbox 1061 4339 1088 4384; x_wconf 88' lang='lat' dir='ltr'>et</span> <span class='ocrx_word' id='word_1_133' title='bbox 1107 4330 1254 4382; x_wconf 80' lang='lat' dir='ltr'>Ossoiineo.</span> <span class='ocrx_word' id='word_1_134' title='bbox 1273 4330 1384 4397; x_wconf 69' lang='lat' dir='ltr'>Scripta</span> <span class='ocrx_word' id='word_1_135' title='bbox 1403 4330 1478 4386; x_wconf 78' lang='lat' dir='ltr'>heae</span> 
     </span>
     <span class='ocr_line' id='line_1_27' title="bbox 316 4417 1208 4486; baseline 0.001 -16"><span class='ocrx_word' id='word_1_136' title='bbox 316 4427 384 4471; x_wconf 81' lang='lat' dir='ltr'>eunt</span> <span class='ocrx_word' id='word_1_137' title='bbox 401 4435 426 4471; x_wconf 74' lang='grc' dir='ltr'>ι.</span> <span class='ocrx_word' id='word_1_138' title='bbox 448 4417 525 4472; x_wconf 72' lang='lat'>1543.</span> <span class='ocrx_word' id='word_1_139' title='bbox 545 4428 605 4486; x_wconf 84' lang='lat' dir='ltr'>poet</span> <span class='ocrx_word' id='word_1_140' title='bbox 624 4436 741 4485; x_wconf 80' lang='lat' dir='ltr'>carmen,</span> <span class='ocrx_word' id='word_1_141' title='bbox 759 4419 829 4485; x_wconf 86' lang='lat' dir='ltr'>quod</span> <span class='ocrx_word' id='word_1_142' title='bbox 848 4420 968 4485; x_wconf 83' lang='lat' dir='ltr'>proximo</span> <span class='ocrx_word' id='word_1_143' title='bbox 988 4420 1046 4471; x_wconf 86' lang='lat' dir='ltr'>loco</span> <span class='ocrx_word' id='word_1_144' title='bbox 1064 4419 1208 4472; x_wconf 76' lang='lat' dir='ltr'>antecedit.</span> 
     </span>
    </p>

    <p class='ocr_par' dir='ltr' id='par_1_13' title="bbox 424 4506 731 4573">
     <span class='ocr_line' id='line_1_28' title="bbox 424 4506 731 4573; baseline 0 -14"><span class='ocrx_word' id='word_1_145' title='bbox 424 4506 435 4537; x_wconf 90' lang='lat'><strong>¹</strong></span> <span class='ocrx_word' id='word_1_146' title='bbox 453 4510 503 4563; x_wconf 80' lang='lat' dir='ltr'>his.</span> <span class='ocrx_word' id='word_1_147' title='bbox 525 4509 614 4573; x_wconf 80' lang='lat' dir='ltr'>,euite</span> <span class='ocrx_word' id='word_1_148' title='bbox 635 4511 731 4573; x_wconf 51' lang='lat' dir='ltr'>tumr.</span> 
     </span>
    </p>
   </div>
   <div class='ocr_carea' id='block_1_11' title="bbox 0 0 1512 5310">
    <p class='ocr_par' dir='ltr' id='par_1_14' title="bbox 0 0 1512 5310">
     <span class='ocr_line' id='line_1_29' title="bbox 0 0 1512 5310; baseline 0 3"><span class='ocrx_word' id='word_1_149' title='bbox 0 0 1512 5310; x_wconf 95' lang='lat' dir='ltr'> </span> 
     </span>
    </p>
   </div>
  </div>
 </body>
</html>
