3016 5310
292 634 441 719 Ignarus,
465 654 534 697 sese
558 632 701 696 numeris
725 630 972 717 properantibus
995 630 1129 694 addunt.

292 739 430 804 Lobodii
453 738 605 827 probitas,
629 738 772 825 probitas
795 737 960 801 laudanda
982 738 1109 801 Dunini

205 867 260 910 ιιι.
292 847 507 932 Sczarinique
531 856 587 910 tua
610 856 640 910 ct
664 844 846 909 Nadarinil
870 844 976 909 sidera
1000 843 1138 930 pulsant.

379 955 419 1019 In
446 976 554 1040 regem
577 964 634 1018 tua
658 954 700 1016 sit
723 952 904 1017 constantia
927 961 1048 1038 quanta
1070 951 1223 1038 fidesque,

291 1061 444 1148 Repperit
467 1060 601 1123 immitis
623 1057 777 1123 Moschus
801 1058 967 1143 doluitque
990 1067 1161 1144 repertum,

290 1168 396 1233 Iesovi
410 1173 435 1233 :²
458 1189 555 1231 saevo
579 1166 725 1231 cruciatu
749 1164 836 1229 haud
861 1164 984 1229 solvere
1007 1164 1153 1250 linguam

290 1275 329 1337 ln
354 1275 527 1338 commissa
550 1272 609 1337 tibi
634 1283 765 1358 potuere
788 1293 909 1336 arcana
931 1270 1060 1335 fidelem

206 1397 211 1411 ¹
236 1401 258 1444 :.
290 1380 446 1446 Crudeles
469 1379 586 1445 hostes,
617 1379 708 1464 Regi,
731 1380 787 1464 qui
811 1389 924 1464 regnat
948 1377 988 1441 ad
1012 1389 1123 1442 arcton

290 1487 503 1574 Imperiisque
527 1498 638 1574 potens
662 1497 902 1572 septem-tenet
926 1507 1006 1548 arva
1029 1486 1151 1568 trionis,

290 1594 344 1659 Sic
368 1592 454 1657 fidus
478 1594 593 1669 servis3
618 1593 744 1674 colitur,
769 1594 822 1656 cui
847 1592 963 1655 militat
986 1591 1082 1676 orbis,

290 1701 352 1766 Cui
374 1712 480 1765 terrae
503 1700 608 1787 plaga,
632 1701 685 1764 cui
710 1710 835 1786 pontus,
861 1700 913 1763 cui
937 1698 1071 1783 grandis
1096 1697 1267 1786 Olympus.

290 1805 447 1893 Quaeque
469 1808 554 1871 iacet
577 1807 666 1892 regio
691 1808 723 1869 in
749 1829 867 1892 poenas
892 1804 1076 1869 Acheronte
1099 1805 1159 1869 sub
1183 1805 1257 1887 imo,

289 1914 318 1976 A
343 1924 383 1997 te,
408 1913 524 1996 lenivi,
548 1936 613 1977 non
637 1915 743 1977 secius
767 1912 934 1976 aethereus
959 1911 1038 1975 Rex.

290 2020 333 2083 Et
356 2031 413 2085 tua
436 2021 613 2107 progenies,
638 2019 724 2083 italis
748 2019 902 2083 Nicolaus
927 2020 959 2082 in
984 2019 1050 2082 oris

291 2125 434 2190 Palladis
457 2128 638 2191 armisonae
662 2126 778 2190 studiis
802 2125 952 2191 excultus
976 2136 1007 2189 et
1031 2136 1108 2209 arte,

290 2233 397 2318 Atque
422 2255 519 2296 iriauu
545 2247 711 2320 promptus
736 2234 934 2320 sumptisque
958 2232 1119 2318 Georgius
1143 2232 1253 2314 armis,

291 2338 433 2403 Ultimus
457 2350 489 2404 et
514 2352 623 2427 partus
647 2364 711 2404 non
736 2351 811 2404 suut
835 2339 966 2404 diversa
990 2341 1101 2403 secuti.

379 2448 531 2513 Garvasi.
554 2448 658 2512 evasit
683 2449 784 2534 {rictas
808 2457 864 2511 tua
889 2459 973 2530 nota,
996 2446 1132 2510 tetendit

289 2552 380 2632 Qiios
403 2553 490 2619 Saxo
514 2553 653 2640 laqueos,
677 2576 737 2618 nec
761 2566 792 2618 te
816 2554 920 2618 malus
945 2553 1078 2617 abstulit
1102 2575 1231 2639 aareepa

377 2660 450 2723 Non
474 2661 667 2724 Varsovicio
691 2662 808 2746 pietate
833 2661 993 2745 insignior
1017 2659 1097 2724 alter

291 2765 348 2829 Est
373 2770 493 2852 patrol,
517 2790 579 2830 non
605 2778 680 2831 nato
694 2774 714 2849 ⁴,
738 2790 801 2852 quo
826 2766 1000 2831 deductore
1024 2766 1146 2831 relictis

290 2871 463 2958 Argolicae
486 2896 598 2937 musae
623 2875 654 2936 in
681 2875 810 2937 Latium
838 2875 1000 2959 migrastis
1025 2873 1170 2955 Athenis

291 2979 333 3043 Et
355 2981 447 3044 iuvat
471 3003 525 3045 ore
549 2980 635 3066 loqui
661 2992 848 3045 romanaet
872 2980 957 3045 bella
981 3003 1095 3044 sonare

290 3085 490 3173 Saeculaque
514 3100 677 3152 aeternam
702 3087 823 3151 chartis
848 3088 1065 3151 transmittere
1089 3087 1218 3150 famam.

377 3192 459 3259 Inde
483 3195 679 3281 Sieprciusl,
704 3194 893 3280 eloquioque
917 3193 1090 3259 Uchanial
1113 3192 1218 3280 proles

290 3433 297 3461 ¹
318 3434 513 3497 Nadarzydslri.

285 3522 294 3553 ²
314 3522 445 3587 Georgius
463 3522 604 3583 detondi,
624 3539 702 3585 «quem
723 3539 737 3571 a
758 3523 926 3584 sigismundo
948 3525 956 3571 l
977 3539 1038 3586 rege
1059 3523 1092 3571 ad
1113 3523 1234 3573 lloschos
1248 3522 1321 3587 lega-

181 3616 237 3661 tum
256 3611 376 3675 arrianum,
396 3627 413 3660 a
431 3612 599 3662 Moschorum
620 3612 788 3675 imperatore
807 3612 852 3674 qui
872 3612 988 3660 lessovio
1008 3612 1140 3675 quaedum
1154 3611 1324 3661 clandestina

179 3699 308 3749 mandata
334 3714 350 3748 ιι
376 3715 438 3765 rege
458 3699 491 3748 ad
512 3700 669 3749 llicliaolem
690 3699 796 3748 ttlir‘iski
823 3701 964 3749 corinnissa
990 3716 1046 3749 esse
1072 3700 1224 3764 auspicatus
1243 3705 1322 3762 esset,

179 3789 281 3837 trustra
299 3787 443 3838 crudeliter
466 3789 648 3838 cxcrrrciatmn
677 3805 743 3850 esse,
773 3798 801 3838 ut
830 3805 930 3839 arcana
959 3789 1088 3852 proderet.
1118 3795 1209 3838 narrat
1238 3788 1321 3838 ctiam

179 3876 314 3926 Martinus
334 3876 443 3926 Biolslri.

288 3962 299 3992 ³
316 3968 426 4019 Ioanne.
446 3967 593 4015 castellano
614 3968 786 4015 varsovicusi.

285 4053 296 4081 ⁴
317 4055 514 4119 lfbriatophoro.
526 4057 654 4105 canonico
666 4057 840 4111 cracoviensi,
851 4058 1015 4106 orationibus
1027 4065 1052 4106 et
1064 4055 1227 4106 carminibus
1238 4054 1320 4106 claro.

286 4141 297 4171 ⁵
316 4144 441 4194 Fortasse
462 4144 586 4193 albertus
606 4145 729 4209 serpena
747 4144 895 4211 (sierpski),
915 4146 1085 4208 antiquarum
1100 4145 1250 4195 litterarum
1263 4160 1323 4208 pro·

179 4234 264 4283 sessor
283 4233 311 4282 in
331 4233 470 4283 academia
490 4249 594 4283 cracov.

286 4320 297 4347 ‘³
316 4323 427 4371 Praeter
448 4323 581 4373 iacobum.
602 4334 655 4371 tuni
677 4323 856 4373 eliclruensem
874 4325 1035 4388 episcopum.
1055 4325 1099 4388 qui
1114 4341 1137 4373 ιι.
1154 4321 1222 4375 1562
1235 4325 1323 4375 archi-

181 4412 319 4477 episcopus
339 4412 496 4476 gnesnensis
516 4413 604 4461 lactus·
624 4423 672 4462 est.
699 4421 776 4461 notas
802 4423 841 4462 est
867 4413 923 4461 eius
945 4416 1028 4463 frater
1053 4414 1160 4465 l‘aalus.
1186 4412 1323 4476 palatinus

183 4499 324 4550 belzenais.
