3016 5310
328 456 391 524 108
802 479 881 515 rursu
900 477 989 515 norm

326 547 1014 571 m.:2m—„.—
1030 550 1110 556 -··
1142 551 1169 555 -
1201 547 1458 569 .-.--..-.·--··-·

433 675 610 761 Virgineus
634 674 750 741 chorus
774 674 832 740 has
856 675 1029 739 comitatur
1051 684 1083 739 et
1105 674 1238 759 agmina
1261 683 1411 763 matrum.

433 785 599 848 Postremo
624 784 712 847 cives
736 782 876 847 subeunt
901 782 1054 868 urbisque
1077 792 1217 846 senatus,

435 891 505 954 Hoc
530 891 638 954 ticina
662 889 782 953 adeunt
807 890 893 953 facto
917 888 1030 953 ordine
1052 889 1172 976 templa
1196 888 1360 967 deorum·

437 998 664 1061 Sauromatum
689 998 813 1061 cineres
836 1020 905 1059 mos
928 1008 977 1061 est
1001 996 1056 1061 ubi
1081 995 1220 1061 condere
1240 1018 1371 1081 regum:

394 1155 400 1167 .
435 1105 507 1169 Non
533 1105 663 1190 capiant
686 1103 830 1179 delubra,
854 1125 973 1187 omues,
997 1103 1072 1168 lieet
1096 1102 1212 1190 ampla,
1235 1123 1297 1167 nec
1320 1103 1432 1188 ingens

435 1213 529 1293 Area,
553 1234 635 1297 quae
659 1223 772 1275 eontra
794 1222 850 1275 est.
874 1232 938 1274 non
962 1221 993 1275 ct
1017 1211 1138 1274 vicinia.
1161 1220 1235 1274 tota.

435 1321 522 1404 Ergo
546 1342 620 1406 pars
643 1318 797 1404 templum
823 1318 1016 1403 ingreditur3
1040 1319 1215 1381 consistere
1239 1318 1363 1382 circum

434 1428 514 1491 Pars
538 1428 627 1490 iussa
650 1437 707 1493 est.
731 1448 932 1511 magnaeque
956 1447 1121 1490 sacrorum
1146 1423 1260 1490 cedere
1283 1445 1426 1510 pompae.

434 1534 520 1598 Ante
544 1557 616 1598 aras
640 1535 755 1617 ingens
778 1534 892 1596 maesti
915 1555 1050 1619 posuere
1075 1532 1239 1611 feretrum,

332 1670 337 1684 ·
376 1663 401 1704 r.
437 1640 532 1720 (Quod
556 1651 684 1704 sanctos
709 1640 832 1705 claudit
856 1641 988 1704 cineres.
1020 1639 1167 1725 Insignia
1191 1639 1283 1723 regni

435 1748 508 1828 Quo
525 1749 819 1834 superimponunt:
839 1747 1051 1831 gladiumque
1064 1747 1238 1832 orbemque
1254 1767 1467 1831 coronamque

436 1856 478 1920 Et
501 1868 664 1941 sceptrum
689 1878 848 1940 procerem
871 1855 948 1918 hinc
973 1865 1079 1919 cetera
1102 1865 1133 1919 et
1156 1853 1232 1918 inde
1257 1853 1384 1918 feretra.

436 1964 500 2027 Hic
524 1986 581 2027 rex
605 1965 774 2046 Augustus
798 1962 877 2026 solio
902 1962 1041 2026 considit
1064 1963 1097 2025 in
1122 1962 1199 2043 imo;

436 2069 518 2134 Inde
541 2071 641 2146 Bona,
664 2069 741 2133 hinc
766 2080 873 2141 natae:
897 2071 1021 2134 circum
1045 2068 1246 2156 populusque
1269 2078 1439 2155 patresque

398 2229 403 2241 .
439 2177 521 2243 Cum
546 2177 752 2264 lacrimisque
776 2199 887 2263 preces
912 2176 1053 2240 fundunt
1078 2176 1234 2263 divosque
1257 2184 1439 2261 precantur3

438 2285 560 2349 Iustam
586 2286 727 2348 animam
752 2284 841 2349 caclo
865 2285 1027 2370 accipiant
1050 2283 1192 2367 dentque
1217 2281 1346 2347 aethere
1369 2281 1436 2346 sisti

438 2393 679 2477 Aeternumque
704 2392 777 2455 altis
802 2392 925 2475 agitans
948 2392 981 2454 iu
1006 2390 1139 2455 sedibus
1162 2412 1288 2454 aevum.

436 2496 527 2562 Idem
543 2522 667 2563 ‹rnrnesz
691 2499 782 2585 plebs
799 2498 859 2562 hoc
875 2499 1077 2586 populusque
1094 2507 1265 2584 patresque
1282 2496 1467 2574 fremebant.

439 2605 480 2668 Et
504 2627 596 2669 sacer
618 2607 778 2670 intactas¹
804 2605 921 2670 chorus
945 2605 1006 2668 hoe
1030 2605 1182 2691 poscebat
1205 2602 1246 2667 ad
1272 2625 1354 2687 aras,

438 2713 611 2777 Pontifices
636 2716 779 2799 castique
803 2736 913 2777 omnes
937 2736 979 2777 ex
1003 2713 1115 2777 ordine
1138 2722 1254 2798 patres.

439 2820 581 2906 Tempus
605 2833 674 2884 erat
698 2822 781 2884 tristi
806 2822 930 2884 cineres
954 2823 1074 2884 inferre
1098 2817 1254 2906 sepulcro,

439 2927 576 3012 Regales
600 2930 724 2993 eineres
748 2940 778 2992 et
804 2951 914 2993 manes
938 2928 1076 2992 condere
1099 2937 1194 2991 terra.

439 3033 608 3116 Ingratum
633 3036 750 3100 tollunt
774 3059 850 3117 ergo
872 3035 1096 3101 lacrimando²
1120 3035 1274 3098 feretrum

440 3142 665 3206 Sauromatum
690 3145 795 3230 primi
820 3166 877 3208 rex
901 3154 1019 3229 etqua
1042 3141 1201 3225 r-onditur‚
1226 3163 1343 3205 urnam

440 3249 628 3312 Devolvunt
654 3252 773 3315 fossam
797 3250 936 3315 demisso
961 3251 1038 3313 fane
1062 3250 1122 3314 aab
1147 3250 1255 3313 imam.
1297 3235 1299 3239 ¹

531 3357 594 3420 Hie
618 3360 720 3421 maior
742 3359 851 3445 populi
875 3359 969 3423 fletus
993 3359 1158 3444 maiorque
1183 3357 1377 3420 frementum

441 3464 599 3527 Exoritur
622 3465 752 3544 clarnos,
776 3469 868 3552 quasi
895 3489 982 3531 nunc
1006 3465 1177 3530 cecidisset
1200 3473 1327 3527 amatus

441 3570 666 3636 Sauromatum
692 3585 838 3660 pateret
863 3575 1021 3659 princeps
1046 3595 1109 3635 non
1134 3581 1208 3634 ante
1230 3571 1374 3657 perisset,

440 3678 576 3744 Cassum
601 3683 709 3745 anima
733 3705 807 3746 cum
832 3700 917 3745 mors
942 3681 1114 3763 frigentem
1138 3678 1400 3765 liqueratatrox.

337 3806 406 3848 zar.
440 3787 609 3873 Templum
635 3812 711 3872 ergo
734 3791 855 3874 gemitu
880 3788 1042 3875 compleri,
1066 3807 1257 3872 omnemque
1280 3783 1406 3849 videres

440 3893 581 3959 Gracchi
608 3896 721 3960 urbem
746 3896 882 3960 fremere
906 3907 937 3959 et
961 3897 1068 3959 tristes
1093 3892 1182 3957 caelo
1206 3891 1326 3955 addere
1351 3907 1448 3954 voces:

441 4001 571 4085 Quartus,
595 4005 724 4088 captiva
749 4005 851 4068 saevit
875 4026 950 4067 cum
974 4002 1066 4066 miles
1091 4002 1124 4063 in
1148 3999 1237 4082 urbe,

442 4108 594 4173 Eduntur
618 4110 766 4173 fremitus
791 4110 957 4195 ferturque
981 4107 1124 4172 ululatus
1148 4104 1189 4170 ad
1213 4109 1342 4169 auras3.

444 4285 451 4314 ¹
473 4287 544 4338 Edit.
564 4291 752 4351 „cosummat

442 4374 452 4402 ²¹
471 4377 581 4442 Syllaba
601 4377 694 4427 rrltima
715 4386 837 4443 correpta
856 4394 887 4428 ex
908 4394 977 4428 more
998 4376 1151 4443 posterioris
1171 4374 1240 4424 aevi.

443 4464 506 4517 3Ει
523 4466 575 4520 hac
595 4468 804 4533 comparationis
832 4467 1046 4532 corripendiariac
1075 4464 1266 4531 compositione
1294 4469 1322 4513 et
1346 4456 1466 4529 proximis

334 4558 378 4626 qui
398 4565 553 4625 sequuntur,
573 4558 694 4609 versibus
714 4557 861 4623 Vergilium
880 4556 1040 4608 acutulatut.
