3016 5310
645 469 817 504 nnurrsctat.

161 539 295 547 *σ-
303 540 356 546 -w
367 540 371 544 -
380 540 383 544 .
392 540 505 545 -----
751 540 814 545 ---.
886 541 918 545 ---

161 550 377 560 ——-——-.
388 550 516 557 --—.-
552 552 575 558 ...
626 552 718 557 ..——-.
746 552 751 557 .
765 552 828 557 ..—.
890 552 953 557 -..,,

263 661 382 727 Nullus
406 672 442 725 ut
465 685 535 727 esse
558 661 650 726 locus
674 664 781 749 possit.
813 662 885 727 Rex
908 661 1018 726 mollia
1043 660 1185 727 clemens

264 769 405 856 Imperia
427 777 557 834 exercet
581 769 677 832 iussis
700 770 870 854 Augustus
894 769 1017 833 amicis.

264 876 338 941 Non
362 876 566 940 marianaeus
590 876 706 939 vestris
730 875 914 940 cervicibus
938 877 1025 941 ensis

264 983 425 1067 Imminet,
448 983 593 1047 insontes
616 981 680 1046 leto
702 983 757 1068 qui
780 981 878 1046 dedat
902 993 1049 1069 agatque,

176 1112 229 1154 rs.
261 1089 306 1153 Ut
329 1089 479 1176 pecudes,
503 1111 697 1176 quocunque
723 1089 827 1170 iuvat3
851 1112 915 1153 non
941 1089 1036 1154 foeda
1059 1087 1160 1153 libido

263 1197 396 1261 Vestras
419 1197 557 1261 incestat
580 1195 747 1280 thalamos,
772 1196 912 1260 conubia
935 1195 1053 1279 turbat,

264 1304 294 1367 A
318 1314 457 1367 matrum
481 1304 613 1389 gremio,
637 1301 826 1367 dulcissima
849 1303 995 1389 pignora,
1020 1312 1143 1366 vestras

265 1410 303 1474 ln
327 1420 475 1497 stuprum
499 1420 592 1473 natas
616 1411 707 1496 rapit.
741 1411 831 1473 llaec
856 1432 919 1473 non
943 1431 1020 1495 rege
1044 1408 1160 1496 polono

265 1516 346 1583 Sunt
368 1516 461 1581 vobis
485 1516 667 1582 metuenda.
698 1516 791 1580 Licet
815 1539 945 1581 servare
969 1515 1076 1580 cubile

177 1643 229 1689 eo.
263 1624 426 1688 Intactum
450 1634 619 1710 castosque
642 1632 736 1686 toros.
764 1623 913 1687 Mariana
936 1621 1037 1687 libido

264 1729 444 1794 Prassiacis
468 1729 553 1795 bello
576 1730 665 1793 iussa
688 1739 737 1793 cst
760 1728 916 1794 excedere
939 1731 1042 1793 terris.

265 1835 302 1899 ln
325 1845 395 1900 tuto
418 1837 487 1901 vita
511 1846 687 1922 est,qu0111
712 1859 776 1900 non
801 1859 859 1899 sua
883 1837 1022 1900 crimina
1044 1835 1210 1902 damnant.

261 1941 431 2009 Custodita
455 1943 556 2025 salus;
581 1941 687 2006 nullos
711 1942 765 2008 hic
788 1954 926 2030 expavet
950 1965 1051 2007 enses.

352 2049 443 2114 Haec
467 2072 525 2114 rex
549 2051 744 2136 amnipotens
768 2050 955 2134 Casimirnn,
978 2049 1122 2133 Prussia,
1146 2047 1238 2113 vobis

179 2178 230 2221 ss.
261 2156 398 2220 Munera
421 2155 572 2221 bellando
596 2156 647 2220 bis
671 2158 756 2220 senis
780 2156 919 2243 amplius
943 2157 1037 2220 annis

262 2262 389 2327 Attulit.
422 2263 463 2327 Et
488 2262 621 2327 demens
644 2264 841 2327 Dantiscum
865 2263 1016 2328 claudere
1040 2273 1148 2349 portas

262 2368 403 2454 Legatis‚
426 2393 506 2455 quos
532 2369 572 2433 de
596 2369 702 2434 medio
725 2369 814 2435 iubet
837 2370 884 2434 irc
908 2380 1021 2434 senatu

263 2476 434 2561 Augustus
457 2477 617 2562 princeps,
641 2475 760 2540 audet?
784 2499 844 2541 nec
868 2476 992 2562 perfida
1015 2475 1118 2541 cernit

264 2581 408 2648 Consilia
431 2582 668 2668 infandumque
692 2605 816 2667 ausum,
840 2606 923 2670 quae
945 2583 1085 2648 barbara
1110 2604 1270 2668 nusquam

180 2712 229 2755 co.
261 2687 350 2754 Gens
374 2690 482 2753 animo
506 2689 660 2754 meditata
684 2713 742 2753 suo
766 2691 835 2754 est?
870 2690 956 2754 Nam
980 2690 1132 2755 claudere
1160 2689 1229 2774 regi
1252 2698 1300 2753 est

262 2795 400 2881 Moenia,
423 2796 538 2882 legatis
563 2797 590 2860 si
614 2795 749 2861 claudas
772 2798 858 2882 regis
882 2807 913 2860 et
938 2796 1017 2861 urbe

264 2900 363 2966 Haud
387 2902 516 2967 dubites
540 2925 650 2967 arcere
674 2904 835 2989 armisque
858 2902 1034 2968 rebellibus
1058 2904 1166 2967 iustos.

263 3006 292 3072 Ο
316 3009 444 3074 facinus
468 3009 570 3074 multo
595 3008 818 3074 ulciscendum
842 3011 1010 3096 sanguiue,
1035 3011 1129 3091 ferro,

262 3113 346 3200 Igni,
371 3115 552 3202 suppliciis!
576 3116 673 3201 Urbs,
696 3140 779 3204 quac
803 3118 944 3203 patiatur
967 3128 1120 3200 aratrum,

179 3241 230 3284 ss.
261 3220 382 3307 Digna,
406 3222 536 3308 soloque
560 3223 652 3287 nefas
676 3222 716 3287 ob
740 3235 866 3288 tantum
890 3225 1002 3288 excisa
1025 3222 1202 3306 recumbat,

263 3328 309 3392 Ut
333 3350 461 3393 servare
485 3329 582 3393 fidem
606 3339 637 3393 et
660 3352 774 3416 regum
799 3329 985 3395 venerabile
1010 3353 1125 3394 nomeu

263 3434 379 3499 Discat
401 3437 571 3522 posteritas
596 3437 701 3502 colere
724 3448 755 3502 et
780 3460 887 3502 rerum
910 3438 1013 3501 instar
1035 3436 1155 3501 habere

263 3539 465 3627 Sanctarum,
490 3564 570 3628 quas
594 3544 757 3629 quondam
781 3546 889 3609 animo
905 3554 953 3608 cst
970 3543 1093 3607 violare
1109 3541 1299 3605 noandum.

718 3817 739 3850 θ.

649 3944 681 3992 ln
701 3943 808 3993 titulum

428 4056 732 4123 FIDELIBUS
762 4058 1023 4124 DILECTIS

519 4173 721 4223 Geduncnsibus
740 4174 798 4223 dari
818 4174 933 4224 solitum.

259 4292 423 4359 Scribitur
446 4305 521 4359 ante
544 4294 633 4379 fides,
657 4296 801 4381 sequitur
824 4294 963 4360 dileetio.
995 4296 1098 4361 Cessit

261 4400 358 4465 Unde
382 4401 471 4486 fides,
494 4401 571 4468 inde
594 4414 625 4467 et
649 4401 779 4466 dilectio
803 4401 897 4466 cedat
922 4413 1053 4490 oportet,

258 4506 423 4572 Succedat
447 4509 500 4573 cui
525 4532 602 4575 mox
625 4509 738 4595 positis
762 4507 879 4575 deletio
903 4510 1026 4573 castris.
