2948 5302
191 642 283 706 Flete
307 643 382 706 viri:
407 643 483 706 fatis
506 641 600 705 nobis
622 654 751 728 ereptus
775 643 895 728 iniquis

191 749 338 813 Antistes
361 749 479 813 cecidit
504 761 619 833 vester,
642 772 706 834 quo
729 750 814 812 iusta
837 750 992 834 iriargistm

191 856 353 919 Diuorum
378 878 470 920 sacra
494 857 686 920 turicremas
708 857 858 919 tenuistis
880 856 922 919 ad
946 879 1028 920 arras

148 1013 155 1024 .
189 962 250 1026 Ille
274 962 394 1027 docens
417 964 485 1026 vita
508 962 635 1049 populis
659 962 859 1027 monstrabat
882 975 913 1028 et
937 985 991 1028 ore

190 1068 353 1135 Caelestes
376 1071 438 1134 iter
461 1069 504 1133 ad
527 1069 620 1134 sedes
642 1081 673 1134 et
696 1092 797 1155 regna
821 1092 969 1156 superna

192 1176 314 1240 Semita
338 1199 402 1240 non
422 1176 478 1241 illo
501 1177 585 1241 duce
609 1200 666 1240 vos
690 1188 866 1240 monstrata
891 1176 1015 1261 fefellit,

191 1284 395 1369 Decep'tosve
418 1285 511 1347 novis
534 1295 580 1347 tot
605 1283 815 1369 religionibus
839 1306 928 1348 error

189 1390 408 1454 Transversos
431 1391 510 1473 egit3
534 1431 576 1436 --
603 1413 686 1476 quae
709 1391 785 1454 fana
810 1392 999 1477 peremnia
1022 1390 1087 1455 lato

146 1547 153 1559 .
186 1497 285 1560 Nune
309 1497 411 1561 saevit
434 1499 534 1584 pestis
557 1497 752 1584 populatque
776 1497 890 1561 altaria
914 1499 1048 1582 Divum,

189 1603 332 1688 Crimen,
357 1605 453 1689 Sax0,
478 1616 571 1667 tuum
595 1606 749 1691 caecique
772 1604 911 1668 audacia
934 1604 1033 1670 saecli

189 1710 325 1775 Grande
349 1711 441 1775 nefas
465 1712 546 1795 ausi,
569 1711 655 1797 quod
679 1711 769 1775 nulla
792 1711 968 1776 aboleverit
992 1723 1090 1776 aetas.

191 1816 283 1881 Haec
307 1817 369 1881 sibi
394 1819 583 1882 commissos
606 1840 647 1882 ne
670 1830 779 1882 tantae
803 1819 926 1883 semina
950 1817 1033 1882 labis

190 1923 408 2010 Corrumpunt
432 1924 574 2011 populos,
598 1926 727 2011 quantis
751 1924 920 1989 conatibus
939 1925 1014 2011 egit.

147 2082 154 2093 .
188 2031 318 2117 Ingenti
342 2054 499 2097 accensus
524 2032 654 2098 Samuel
678 2032 807 2118 pictatis
831 2040 960 2096 amore?

190 2138 270 2201 Vidi
293 2138 442 2225 equidem
466 2141 586 2203 mensis
609 2139 701 2203 illum
725 2138 929 2226 dapibusque
952 2138 1082 2223 relictis,

191 2244 226 2310 Si
251 2245 325 2328 quis
348 2256 425 2328 erat,
450 2269 534 2309 nova
557 2246 670 2331 religio
693 2268 789 2332 quem
813 2247 895 2311 forte
918 2245 1048 2311 tenebat

192 2351 384 2437 Deceptum,
408 2375 526 2438 magno
550 2352 711 2416 dicentem
734 2352 874 2438 plurima
897 2364 1010 2417 eontra

189 2458 328 2543 Ingenio
352 2458 523 2544 studioque
546 2460 623 2542 acri,
647 2458 823 2542 multisque
845 2469 1024 2524 morantem

147 2615 154 2627 .
186 2563 335 2629 Oblitum
359 2565 492 2651 dapium
516 2565 652 2630 sublatis
676 2588 808 2650 surgere
831 2567 960 2630 mensis.

282 2672 356 2736 Heu
379 2683 537 2757 quantum
561 2696 627 2757 vos,
651 2673 706 2759 qui
729 2673 825 2736 Divis
849 2673 984 2737 adoletis
1007 2672 1144 2737 honores

191 2778 343 2843 Socrates
365 2779 521 2862 caeloque
544 2780 632 2843 Deos
656 2781 821 2843 accersitis
842 2780 906 2843 alto

190 2886 230 2949 In
255 2907 357 2970 sacra,
379 2910 446 2970 vos,
470 2885 561 2970 eheu,
585 2897 742 2972 quantum
767 2886 917 2951 Samuele
940 2897 1105 2972 perempto

190 2993 369 3057 Amisistisl
394 2993 481 3078 Opes
504 2993 609 3057 fluxas
633 3005 833 3078 aequataque
857 3016 954 3057 cerno

146 3150 154 3162 .
186 3100 307 3163 Vestra
330 3099 406 3183 sole,
429 3100 540 3164 multis
564 3110 717 3164 steterant
740 3122 823 3186 quae
847 3100 1006 3185 Pergama
1030 3099 1155 3164 saeclis.

188 3206 305 3292 Tuque
326 3218 419 3292 pater
443 3207 604 3290 Tiberine,
695 3207 777 3271 sacri
803 3229 898 3292 quem
923 3207 1065 3270 numinis
1090 3207 1193 3270 instar

188 3313 396 3378 Praefectum
420 3314 513 3377 terris
537 3324 699 3398 sceptrum
723 3313 778 3375 dat
801 3311 920 3377 habere
944 3314 1087 3378 Deorum

188 3420 293 3483 Roma
316 3431 439 3506 potens,
463 3421 556 3484 cuius
580 3431 660 3482 nutu
686 3430 771 3483 stant
795 3420 927 3483 cardine
951 3418 1066 3483 valvae

189 3525 361 3591 Caclorum
384 3528 545 3610 immotae,
570 3527 740 3613 iussusque
763 3528 906 3613 aperitur
929 3525 1099 3613 Olympus,

145 3683 152 3696 .
187 3630 358 3719 Saevaque
381 3634 580 3722 tergeminus
603 3633 717 3719 pandit
741 3657 800 3697 sua
817 3631 976 3698 Cerberus
1000 3656 1065 3714 ora,

186 3739 315 3824 Disquc
338 3750 429 3825 pater
450 3739 578 3823 Pluton,
601 3738 688 3803 erebi
713 3751 864 3824 regnator
887 3741 989 3826 opaci,

184 3847 322 3910 Accitus
346 3848 454 3934 stygio
479 3848 511 3909 in
535 3858 637 3910 terras
661 3857 808 3931 erumpat
832 3846 872 3908 ab
897 3869 972 3909 orco

186 3951 428 4038 Tisiphoneque
453 3975 569 4035 comcS,
593 3964 722 4015 centum
747 3966 845 4037 eaput
868 3964 943 4037 apta
967 3953 1119 4017 colubris.

190 4058 453 4143 Eumenidesque
478 4058 560 4122 aliae
584 4070 613 4122 et
640 4059 789 4121 incastris
813 4058 954 4121 {comula
977 4060 1137 4141 lllcgaera,
1180 4102 1189 4106 --

148 4217 154 4228 .
190 4167 358 4249 Pontificc,
381 4165 454 4249 heu,
478 4177 634 4250 «laentum
659 4164 812 4228 defuncto
836 4165 896 4228 hoc
921 4165 1038 4250 perdia,
1062 4165 1167 4229 ΙυΙιεῖ1

190 4273 251 4337 Ille
275 4295 385 4337 sacras
408 4272 561 4336 humeris.
585 4271 748 4358 quondam
772 4271 849 4334 dnm
875 4273 941 4334 vita
963 4272 1122 4336 manclmt.

191 4424 200 4452 ¹
220 4425 319 4474 lulium
340 4425 376 4473 lll
399 4425 550 4490 pontificem
571 4424 712 4472 maximum
731 4422 930 4486 ‹latai-loon)
949 4423 990 4472 his
1006 4440 1037 4473 ox
1053 4425 1170 4476 Aeneide
1183 4442 1228 4491 pe·

160 4514 312 4564 nominibus
333 4513 466 4579 designat.
