3016 5310
670 472 825 507 ruttrarro.
1257 460 1320 508 xht

199 663 244 728 bus
262 662 322 748 ille,
346 665 476 729 etiamsi
500 664 692 730 adversatus
716 676 809 751 esset,
832 688 892 752 par
915 689 986 732 esse
1009 690 1074 732 non
1089 668 1248 754 potuisset
1263 667 1319 751 (II,

197 772 244 835 127
265 774 331 857 tq).

280 877 528 963 Peropportune
551 879 648 943 etiam
673 879 810 963 accidit,
842 891 877 943 ut
900 881 986 944 inter
1009 879 1242 945 lublinensium
1267 901 1322 944 co-

191 984 341 1048 nitiorum
365 985 406 1050 de
430 985 658 1050 consociandis
682 988 776 1071 regni
800 987 947 1074 partibus
971 989 1137 1074 pactiones
1154 987 1320 1052 Romanus

187 1089 369 1176 Sanguszko
392 1091 474 1176 dux,
507 1090 669 1178 palatinus
693 1092 929 1159 braclaviensis
953 1093 1240 1181 campiductorque
1264 1095 1321 1157 Li-

189 1198 314 1280 tnaniae,
337 1198 393 1284 qui
419 1200 482 1261 iam
501 1221 529 1263 a.
547 1200 631 1264 1567
649 1198 773 1285 aliquot
788 1199 879 1263 milia
895 1200 1100 1265 Moschorum
1118 1199 1160 1263 ad
1175 1198 1319 1266 Ozasnik

189 1302 368 1389 fugaverat,
399 1304 510 1369 Ullam
534 1327 644 1370 arcem
672 1328 691 1369 a
719 1305 861 1371 Moschis
884 1307 919 1370 in
942 1307 1062 1372 finibus
1086 1305 1239 1371 Poloniae
1263 1329 1322 1371 ex-

188 1421 350 1493 structam,
378 1435 477 1498 quam
499 1412 597 1500 paulo
620 1424 695 1477 ante
718 1415 789 1500 ipse
811 1414 951 1479 loannes
974 1413 1229 1480 Ohodkievicius
1252 1435 1323 1477 rna-

188 1517 297 1582 ioribus
321 1520 424 1605 copiis
447 1518 571 1584 frustra
594 1520 802 1607 oppugnabat
826 1521 882 1604 (II,
911 1521 973 1584 124
996 1527 1063 1606 sq),
1092 1521 1214 1606 ceperit
1237 1519 1322 1584 solo-

187 1645 240 1709 que
261 1627 460 1711 aequaverit,
493 1625 580 1690 unde
610 1638 798 1712 expugnata
830 1628 923 1713 signa
953 1627 1142 1713 nobilesque
1172 1625 1323 1691 Moschus

190 1732 324 1816 captivos
348 1730 528 1797 Lublinum
561 1732 602 1796 ad
634 1755 744 1818 regem
767 1733 915 1799 adduxit.
952 1735 1004 1799 Ita
1027 1734 1213 1820 duplicatae
1237 1734 1323 1818 regis

190 1837 394 1925 ordinumque
416 1838 560 1904 laetitiae
583 1862 647 1903 nou
672 1838 776 1904 defuit
799 1842 943 1930 Royuius
967 1852 1070 1928 poeta,
1093 1843 1149 1928 qui
1165 1839 1323 1905 duodevi-

192 1943 260 2028 ginti
283 1946 528 2032 epigrammatis
560 1945 601 2010 ad
632 1968 742 2032 regem
774 1949 904 2034 scriptis
928 1949 1101 2013 victoriam
1125 1947 1321 2034 victorisque

191 2047 273 2114 ducis
297 2052 520 2118 fortitudinem
544 2052 724 2118 celebravit
747 2055 922 2140 suasitque,
946 2066 980 2119 ut
1004 2054 1129 2119 deletae
1150 2054 1235 2118 arcis
1251 2052 1322 2118 loco

192 2176 209 2216 a
226 2157 351 2222 Polonis
374 2182 461 2224 nova
484 2182 545 2224 arx
565 2173 679 2225 contra
694 2159 844 2225 Moschos
860 2171 1082 2225 exstrueretur
1099 2161 1154 2243 (II,
1170 2162 1323 2241 19-23).

285 2265 399 2353 Neque
429 2267 499 2331 sola
529 2280 599 2332 tnm
631 2268 712 2332 haec
743 2266 883 2354 publicis
914 2267 1012 2333 rebus
1037 2267 1145 2333 dicata
1177 2268 1324 2332 carmina

191 2384 283 2437 aetate
313 2374 378 2437 iam
410 2374 453 2437 ad
481 2375 755 2460 septuagesimum
779 2377 867 2440 vitae
898 2397 1020 2438 annum
1044 2376 1324 2462 appropinquante

190 2479 310 2565 scripsit
333 2480 484 2568 Royzius,
508 2482 689 2566 composuit
711 2483 799 2545 enim
822 2482 934 2547 eodem
960 2482 1027 2546 fere
1051 2492 1195 2568 tempore
1221 2482 1324 2566 epita-

191 2583 290 2669 phium
314 2587 411 2651 Petro
434 2588 558 2671 Barzio,
582 2587 758 2652 castellano
782 2588 998 2675 premislienei
1022 2589 1078 2673 (II,
1104 2589 1168 2652 139
1185 2592 1252 2674 sq),
1276 2587 1326 2649 di-

191 2692 326 2758 mittebat
349 2693 459 2778 libros,
482 2696 657 2780 praecipue
681 2696 872 2759 Decisioncs
896 2718 971 2758 suas
992 2694 1175 2777 lituanicas,
1198 2693 1324 2757 idoneis

188 2803 409 2887 propempticis
440 2803 616 2866 instructas
648 2802 708 2885 (II,
742 2802 806 2865 110
830 2825 884 2887 sq,
908 2803 963 2882 3:23
998 2804 1062 2866 140
1085 2822 1144 2887 sq.;
1177 2802 1240 2866 148
1265 2823 1322 2886 sqq

189 2908 246 2971 lto
268 2930 326 2994 sqq
357 2910 433 2988 1593
457 2911 523 2973 323
547 2911 614 2994 sq),
645 2908 824 2973 celebravit
849 2908 958 2972 multis
982 2909 1182 2973 carminibus
1206 2906 1324 2970 Alber-

185 3025 249 3077 tum
271 3015 425 3099 Luscum,
450 3017 597 3080 victoriis
621 3016 662 3080 de
686 3015 842 3080 Valaohis
858 3016 1051 3102 Tatarisque
1070 3015 1181 3079 relatis
1199 3014 1323 3078 clarum

180 3121 233 3205 (II,
259 3123 457 3203 133-138J,
479 3123 673 3208 quinetiam
692 3132 825 3185 mortem
843 3121 1006 3186 Ludovici
1023 3122 1047 3204 I,
1074 3122 1322 3207 Hugenotornm

183 3226 281 3312 ducis,
304 3230 360 3315 qui
384 3230 418 3292 in
443 3228 565 3316 proelio
588 3229 629 3292 ad
653 3230 775 3294 Jarnac
800 3251 826 3293 a.
845 3230 931 3293 1569
948 3227 1141 3292 vnlneratus
1157 3238 1189 3291 et
1206 3226 1324 3291 deinde

181 3338 307 3401 occisus
330 3347 388 3421 est,
411 3336 539 3401 duobus
563 3336 762 3401 carminibus
787 3337 893 3422 tetigit
917 3337 1125 3421 (11‚3·25sq.‚
1150 3338 1212 3415 17).
1235 3335 1326 3398 Inter

181 3441 259 3509 hacc
283 3443 443 3510 fundebat
465 3443 614 3529 querelas
637 3444 769 3508 crebras
801 3443 840 3506 de
872 3444 1027 3529 pensione
1058 3443 1122 3507 sibi
1153 3443 1217 3505 iam
1249 3441 1325 3505 inde

175 3549 219 3614 ab
241 3573 272 3615 a.
297 3552 393 3625 1567,
418 3561 454 3614 ut
477 3573 576 3637 supra
599 3552 783 3636 suspicatus
808 3572 889 3634 sum,
912 3572 976 3612 non
1002 3548 1114 3613 soluta.
1147 3549 1325 3633 Praecipue

181 3680 256 3722 vero
279 3669 352 3744 post
376 3657 569 3722 dantiscana
593 3659 721 3743 negotia
746 3667 896 3742 suscepta
916 3678 1024 3741 regern
1041 3655 1193 3742 precibus
1211 3654 1252 3718 de
1268 3656 1326 3718 sti·

181 3765 298 3851 pendio
330 3764 489 3848 fatigabat
521 3766 581 3846 (ΙΙ,
613 3766 655 3828 23
680 3788 756 3849 sqq,
780 3767 813 3845 93
845 3764 998 3844 27-39).
1038 3765 1088 3827 Ac
1112 3785 1171 3826 rex
1193 3760 1326 3824 tandem

176 3873 245 3936 600
268 3871 407 3936 florenos
438 3873 467 3935 ei
499 3872 681 3957 assignavit
705 3871 971 3955 mandatavitque
1003 3868 1137 3932 Nicolao
1164 3868 1327 3932 Neruszc-

176 3980 275 4062 vicio,
299 4001 419 4063 magno
442 3978 643 4043 thesaurario
667 3977 833 4061 lituanico,
858 3989 892 4041 ut
916 3978 944 4040 ei
969 3975 1054 4039 hanc
1078 3975 1250 4061 pecuniam
1269 3975 1329 4037 tri-

180 4085 240 4150 bus
263 4087 377 4171 aequis
401 4086 604 4171 portionibus
628 4086 830 4170 primamque
855 4084 965 4147 statim
988 4104 1074 4145 anno
1098 4071 1236 4145 vertenti
1254 4103 1328 4167 per-

184 4191 330 4257 solveret.
355 4192 420 4258 Sed
444 4214 484 4256 ne
507 4204 576 4255 tum
600 4191 731 4279 quidem
757 4192 835 4254 satis
860 4187 1028 4253 commode
1053 4210 1102 4252 res
1125 4189 1262 4252 cessisse
1280 4188 1331 4251 vi-

180 4297 285 4381 detur,
309 4301 354 4363 ita
379 4309 415 4363 ut
430 4299 573 4387 Royzius
591 4298 631 4363 de
649 4322 687 4363 ea
704 4321 738 4362 re
755 4299 862 4384 ipsum
879 4297 1033 4360 Ioannem
1046 4293 1327 4375 Chodkicvicium,

185 4415 250 4468 tum
265 4429 418 4491 magnum
432 4406 605 4471 Lituaniae
618 4404 885 4487 mareschalcum,
902 4403 1019 4467 adierit
1032 4401 1087 4484 (Il,
1103 4404 1166 4465 1223
1175 4423 1230 4485 sq,
1238 4400 1328 4479 XV).

288 4514 420 4578 Praeter
444 4514 595 4600 stipendii
620 4512 832 4599 extorquendi
859 4533 971 4575 curam
995 4507 1084 4572 aliud
1115 4510 1247 4592 insuper
1271 4528 1328 4569 ne-
