3016 5310
820 448 897 480 tarni
917 447 1005 481 ROh'Zli

889 1472 938 1535 13.

644 1688 884 1763 CARMEN
913 1687 1186 1760 FUNEBRE

853 1844 881 1892 in
900 1844 974 1894 obitu

555 1948 797 2034 tennala,
826 1949 959 2014 Comitis
987 1947 1270 2013 TARNOVII.

888 2248 938 2294 ae

438 2368 692 2461 IOANNEM
723 2367 1211 2451 eiIRISTOPHORUta
1242 2365 1391 2429 filiurn

738 2515 873 2563 Comitem
892 2514 1062 2562 Tarneviurn
1073 2510 1089 2563 ¹.

451 2685 581 2751 Occidit
605 2685 658 2750 ille
682 2698 773 2772 pater
795 2687 928 2771 patriae,
952 2708 1016 2771 que
1040 2686 1155 2749 iustior
1177 2684 1260 2748 alter

447 2794 517 2857 Nee
540 2795 658 2878 pictate
682 2794 752 2876 fuit,
775 2816 836 2857 nce
859 2792 943 2857 belle
967 2794 1069 2856 maier
1092 2802 1123 2856 ct
1147 2792 1255 2875 armis,

447 2900 638 2963 Tarnevius.
669 2899 740 2963 Flet
763 2900 925 2964 Ternario
949 2899 1053 2963 benus
1076 2900 1180 2962 omnis
1204 2897 1355 2983 adempto

448 3006 604 3091 Sarmata,
628 3030 722 3093 quem
746 3008 869 3093 patriae
893 3016 1025 3092 accepta
1049 3028 1137 3070 nune
1162 3005 1295 3069 vulnere
1317 3012 1410 3067 tante

389 3137 414 3177 a.
446 3115 564 3199 Tangit
589 3136 686 3177 amor.
718 3114 790 3178 Rex
812 3113 1015 3177 Rudniacis*
1038 3115 1207 3199 Augustus
1230 3112 1265 3174 in
1289 3109 1363 3174 eltis

447 3222 576 3285 Venatu
601 3220 774 3306 indulgens
798 3221 898 3303 silvis,
923 3220 1086 3284 venabula
1109 3219 1225 3283 dextra

448 3452 453 3479 ¹
475 3453 588 3501 Carmen
615 3452 665 3502 hcc
691 3467 745 3501 una
770 3468 829 3500 cum
855 3467 948 3500 novem
975 3449 1118 3515 epitaphiis
1137 3447 1173 3512 (1,
1192 3447 1218 3511 2,
1236 3446 1262 3510 3,
1281 3445 1308 3510 i,
1327 3444 1353 3509 G,
1372 3445 1398 3509 7,
1420 3445 1446 3509 8,
1465 3446 1483 3496 9

344 3540 388 3597 10)
408 3541 520 3591 carmini
540 3541 674 3591 adiunctis
694 3542 780 3592 tribus
800 3540 873 3589 libris
893 3541 1001 3590 nititur:
1025 3542 1053 3595 ai
1073 3538 1188 3589 editione
1208 3554 1232 3588 a.
1253 3534 1321 3588 1561
1342 3535 1492 3586 Craceviae

340 3647 388 3696 par
408 3632 539 3680 Lazarum
557 3631 680 3681 Andreae
698 3631 836 3696 impressa,
856 3631 931 3680 cuiun
951 3630 1066 3695 paginae
1085 3629 1186 3694 primae
1206 3630 1279 3677 frons
1299 3625 1410 3677 titulum
1429 3640 1491 3674 cum

342 3719 408 3773 loci.
429 3720 492 3769 anni
512 3728 540 3769 ct
559 3720 682 3769 officinae
702 3728 773 3778 nota,
797 3728 899 3784 tergum
921 3719 1087 3784 gentilicium
1107 3718 1233 3768 Tamerii
1253 3716 1367 3782 insigne,
1394 3712 1492 3763 ultima

341 3809 440 3874 pagina
458 3810 542 3875 ipsius
561 3810 678 3858 'l'arnovi
697 3809 816 3858 defuncti
837 3809 980 3873 imaginem
995 3807 1128 3873 depictam
1143 3806 1266 3871 exhibet3
1285 3806 1313 3869 b)
1328 3806 1397 3857 libre
1415 3815 1494 3855 msto·

340 3898 494 3948 Cornicensi
514 3915 557 3963 pg.
577 3897 728 3961 aaa-3353
752 3899 776 3955 c)
796 3898 863 3948 libre
884 3907 959 3949 mato.
980 3898 1117 3948 Osaclince
1137 3913 1180 3962 pg.
1200 3893 1350 3948 att-254.
1383 3897 1415 3945 In
1435 3896 1487 3946 cdi·

340 3987 411 4036 tione
436 3990 512 4038 Grac.
539 3986 706 4037 desideratur
730 3987 894 4052 epigramma
914 3986 938 4047 5,
964 3986 1033 4051 quod
1058 3995 1148 4036 enatat
1173 3987 1199 4035 in
1226 3986 1301 4036 librie
1327 3987 1437 4048 ruentia,
1459 3986 1487 4034 in

339 4076 435 4139 quibus
454 4076 545 4126 decem
565 4077 760 4141 epigrammata
779 4076 911 4142 leguntur.
934 4078 1135 4141 Epigrammata
1154 4076 1222 4127 haec
1240 4076 1310 4126 inter
1331 4076 1437 4126 minora
1456 4078 1486 4125 R.

340 4165 460 4214 carmina
472 4174 599 4230 repetam.
609 4195 639 4202 -
651 4168 690 4216 De
704 4166 762 4231 ipsa
775 4175 859 4216 morte
873 4167 942 4216 conf.
958 4165 1026 4217 Bibl.
1040 4166 1095 4216 ord.
1111 4164 1209 4215 Kraeir'r
1229 4164 1298 4218 1868
1312 4167 1394 4217 Kron.
1407 4182 1451 4232 pg.
1462 4166 1485 4216 7.

446 4252 455 4279 ²
475 4254 564 4303 Editio
584 4256 693 4304 (iracev.
715 4255 822 4306 exhibet
842 4271 992 4320 perperam:
1016 4254 1203 4309 „rtudviacim
1224 4255 1254 4304 In
1274 4270 1343 4321 pago
1358 4255 1487 4309 Rudniki.

339 4352 465 4405 quattuor
484 4342 669 4392 milliariorum
688 4352 838 4393 nostrorum
858 4345 944 4409 spatie
963 4346 997 4394 ab
1016 4346 1082 4394 urbe
1103 4345 1182 4394 Vilna
1201 4345 1305 4407 remoti,
1325 4352 1403 4395 erant
1416 4345 1487 4395 iuter

339 4430 461 4495 ingentes
487 4430 569 4482 silvae
596 4432 675 4482 aedes
702 4434 804 4498 regiae,
830 4434 857 4482 iu
883 4433 979 4498 quibus
1005 4435 1141 4499 August-ns
1167 4433 1354 4484 venationibus
1380 4433 1486 4484 deditus

341 4518 493 4570 habitabat.
