3016 5310
673 464 830 499 enarrarre.
1207 451 1326 501 XXXIX

189 656 216 719 in
236 654 397 742 perfidam
420 654 666 721 Godanensium
696 657 811 722 urbem
834 667 958 743 pestem
981 679 1119 744 gravem
1142 658 1328 726 demisisset

187 761 219 845 (Ι,
241 762 444 844 298-300).

285 867 393 933 Alteri
415 868 571 954 legationi
593 868 737 935 Lublino
759 869 877 934 missae
900 869 988 934 haud
1012 892 1115 956 secus,
1139 894 1237 958 quam
1260 873 1328 959 pri-

183 997 260 1060 mae,
293 977 437 1063 praefuit
467 974 650 1043 Stanislaus
673 975 877 1042 Oarncovius
899 976 1124 1065 Royziumque
1145 977 1261 1043 habuit
1282 978 1326 1043 ad

181 1082 250 1146 iura
273 1082 520 1170 interpretanda
541 1081 772 1169 reddendaque
794 1082 985 1148 adiutorem.
1008 1083 1100 1150 Inter
1123 1095 1247 1150 ceteros
1265 1085 1325 1150 ad-

180 1186 266 1252 ditus
298 1198 349 1253 est
378 1190 477 1253 etiam
500 1188 623 1276 Oaspcr
645 1187 828 1255 Gescavius
852 1189 1048 1275 (Jescavius,
1072 1189 1239 1277 Jeschke),
1268 1192 1326 1279 qui

179 1293 362 1381 legatorum
385 1294 493 1360 edicta
515 1295 766 1362 Gedauensibus
790 1318 947 1382 germana
966 1295 1079 1383 lingua
1095 1299 1324 1384 interpretare-

181 1412 241 1466 tur.
264 1401 302 1467 Is
325 1423 364 1467 eo
386 1412 531 1490 tempore
553 1402 662 1467 Locae
685 1401 839 1467 defuneto
863 1403 897 1465 in
920 1402 1048 1467 abbatis
1071 1403 1227 1469 clivensis
1253 1427 1328 1469 mu-

180 1530 256 1573 nere
288 1509 464 1594 successit,
502 1531 599 1595 quam
634 1531 702 1574 rem
737 1508 881 1598 Royzius
916 1510 1116 1575 carminibus
1150 1511 1327 1576 memoriae

181 1614 350 1680 mandavit
372 1616 410 1701 (Ι,
433 1617 500 1682 275
523 1639 578 1702 sq,
602 1618 645 1701 5),
668 1616 766 1681 sicuti
782 1616 881 1682 etiam
897 1615 962 1681 alia
976 1618 1101 1704 primae
1117 1616 1324 1683 sccundaeve

180 1722 362 1808 legationis,
385 1721 557 1788 versiculis
587 1733 778 1809 prosecutus
808 1734 856 1787 est
880 1723 923 1807 (Ι,
950 1724 1149 1806 ste-279).
1170 1724 1327 1810 ‘Legatio

182 1838 247 1892 tum
279 1829 347 1894 iam
378 1830 449 1894 sine
479 1829 547 1894 ulla
578 1830 786 1895 cunctatione
816 1851 836 1893 a
862 1828 1113 1894 Gedanensibus
1144 1831 1178 1893 in
1209 1828 1325 1895 urbem

183 1947 311 2022 recepta
341 1935 385 2000 ad
415 1958 468 2001 res
492 1935 732 2024 componendas
755 1934 908 2000 kalendis
931 1935 1160 2001 decembribus
1182 1959 1211 2001 a.
1236 1938 1325 2003 1569

183 2042 327 2108 accessit.
344 2043 394 2108 Ac
409 2043 552 2130 primum
567 2044 756 2130 quaestione
770 2043 919 2108 instituta
934 2041 1146 2108 Gedanenses
1163 2043 1204 2108 de
1218 2043 1328 2109 laesae

184 2148 360 2214 maiestatis
390 2149 536 2233 crimine,
566 2148 653 2237 quod
685 2150 885 2214 commisisse
916 2149 1021 2236 prima
1050 2148 1213 2235 legatione
1244 2150 1327 2216 urbe

183 2254 344 2342 prohibita
367 2268 443 2321 sunt
464 2257 618 2341 iudicati,
641 2255 684 2321 ad
706 2256 794 2342 regis
816 2256 920 2342 ipsius
944 2255 1150 2321 clementiam
1174 2255 1323 2343 relegan-

184 2374 242 2449 tur,
265 2362 387 2428 deinde
410 2364 482 2428 iure
496 2365 596 2450 regio,
618 2385 681 2450 quo
699 2363 776 2428 urbs
792 2374 967 2448 teneretur,
989 2373 1143 2428 accurate
1162 2362 1327 2450 explicato

184 2480 276 2557 atque
301 2469 444 2556 definito,
471 2471 675 2557 conscriptae
698 2480 775 2534 sunt
797 2470 1051 2537 concedentibus
1073 2468 1329 2536 Godanensibus

184 2577 428 2643 constitutiones
440 2576 651 2664 illae‚quibus
660 2600 737 2641 mox
745 2600 863 2641 nomen
872 2576 1106 2642 Oaruoovianis
1115 2577 1255 2641 inditum
1267 2588 1327 2642 est.

287 2683 447 2770 Prospere
470 2684 665 2771 compositas
689 2705 741 2748 res
765 2683 909 2772 Royzius
932 2682 1037 2749 laetus
1060 2685 1154 2747 novis
1171 2685 1328 2748 carmini·

183 2788 241 2854 bus
276 2789 466 2856 celebravit.
503 2790 695 2875 (larncouio²
729 2812 826 2877 quem
861 2792 1046 2878 episcopum
1078 2789 1158 2854 urbs
1189 2790 1327 2857 Lutheri

184 2894 350 2962 doctrinae
373 2896 484 2963 dedita
506 2918 683 2983 agnoscere
706 2896 862 2962 noluisset
885 2900 1001 2984 cuique
1024 2920 1129 2984 nuper
1147 2910 1326 2962 contumax

183 3014 289 3090 portas
313 3003 495 3089 clausisset,
518 3026 607 3068 nunc
629 3003 732 3068 iudici
754 3005 909 3090 regioque
923 3026 1033 3069 rerum
1050 3026 1182 3068 suarum
1203 3003 1329 3069 arbitro

182 3111 288 3178 fasces
320 3111 511 3176 submittere
541 3133 612 3175 esse
645 3122 790 3175 coactam
822 3111 990 3197 praedicat
1020 3112 1067 3197 (Ι,
1090 3111 1156 3176 300
1179 3133 1235 3198 sq,
1260 3112 1324 3196 17),

183 3218 312 3283 domum
336 3218 407 3304 regi
439 3216 733 3283 aGedanensibus
763 3217 837 3304 plus
868 3227 998 3282 centum
1029 3218 1124 3281 annis
1154 3228 1229 3281 ante
1252 3239 1328 3303 pro-

181 3326 314 3391 missam
338 3346 401 3389 nec
424 3322 533 3389 adhuc
555 3323 665 3388 datam
691 3322 870 3389 secundum
894 3323 1103 3389 condiciones
1130 3324 1327 3408 compositas

180 3454 248 3499 esse
280 3453 472 3497 concessam
502 3429 686 3517 gratulatur
716 3431 761 3514 (Ι,
792 3431 880 3515 302),
913 3453 1032 3495 novam
1064 3430 1327 3495 constitutionem

181 3539 252 3604 urbi
277 3539 389 3603 datam
412 3539 483 3625 regi
506 3537 750 3626 approbandam
774 3536 979 3602 commendat
1002 3537 1040 3622 (Ι,
1064 3537 1129 3602 303
1152 3541 1219 3624 sq).

286 3645 329 3710 In
352 3646 493 3711 comitiis
515 3644 782 3710 versavieusibus
805 3666 835 3711 a.
858 3645 946 3709 1570
969 3667 996 3709 a.
1020 3644 1051 3709 d.
1073 3644 1125 3709 IV
1140 3643 1206 3708 kal.
1229 3644 1328 3708 iulias

181 3752 277 3830 (cons.
301 3751 347 3827 IL
372 3753 435 3818 157
460 3775 516 3839 sq,
539 3753 594 3833 54)
626 3753 827 3819 Carncovius
851 3752 1010 3816 rationem
1033 3773 1143 3815 rerum
1167 3774 1186 3814 a
1209 3750 1328 3836 legatis

181 3857 310 3925 (ledani
333 3867 480 3924 actarum
496 3858 641 3924 reddidit
656 3859 983 3944 constitutionemque
999 3858 1072 3923 urbi
1088 3859 1325 3944 praescriptam

182 3965 391 4031 sanciendam
415 3967 591 4053 proposuit.
628 3965 701 4031 Rex
731 3965 855 4049 legatos
886 3989 944 4052 pro
976 3965 1134 4052 susceptis
1158 3964 1327 4030 laboribus

183 4070 392 4156 collaudavit,
414 4072 585 4159 nuntiique
608 4073 642 4136 in
666 4073 807 4137 comitiis
830 4073 1019 4158 congregati
1042 4073 1165 4157 gratias
1188 4072 1235 4135 eis
1252 4094 1328 4157 ege-

184 4188 264 4243 runt.
287 4177 415 4243 Eodem
437 4178 506 4244 fera
529 4189 673 4266 tempore
688 4178 934 4244 Godancnsium
950 4177 1049 4264 legati
1065 4179 1196 4242 veniam
1213 4201 1233 4241 a
1248 4201 1326 4264 rege

186 4286 346 4350 commissi
370 4286 518 4351 oriminis
541 4286 719 4351 maiestatis
745 4285 851 4351 laesae
871 4297 1000 4350 orantes
1018 4287 1241 4372 impetravere,
1265 4286 1328 4348 im-

187 4401 306 4477 petrata
328 4403 436 4457 tamen
459 4393 558 4458 venia
588 4393 629 4458 de
653 4394 881 4458 constitutione
906 4393 1124 4457 oarncoviana
1148 4392 1325 4478 conquesti,

189 4507 222 4561 ut
240 4500 358 4564 mutari
382 4510 499 4587 posset,
522 4500 683 4586 petebant.
706 4502 781 4582 Qua
804 4499 844 4565 de
868 4522 968 4565 causa
986 4523 1028 4564 ex
1044 4500 1167 4564 eisdem
1183 4498 1325 4563 comitiis
