3016 5310
180 426 243 490 138
658 440 734 474 rurru
755 440 842 474 noran

374 635 540 721 Principio
563 633 697 698 viduata
720 656 779 697 suo
799 656 877 698 cunr
899 632 1050 720 praesule
1074 631 1167 697 sedes

202 766 249 806 rs.
286 742 357 809 Stat
378 764 485 805 vacua
508 751 539 805 et
566 764 629 804 non
654 752 711 825 ost,
734 740 868 827 populos
892 741 948 827 qui
972 762 1066 804 sacra
1089 740 1262 826 Deumque

286 849 429 914 Edoceat
452 849 613 935 Divisque
641 871 716 911 suos
739 846 863 910 indicat
885 847 1035 912 honores:

283 956 401 1039 Mente,
424 955 507 1039 vole,
530 977 588 1019 rex
613 965 647 1017 ut
671 953 767 1018 celeri
793 977 852 1017 sua
875 976 975 1039 regnu
999 966 1150 1040 pererret,

289 1101 327 1110 -
352 1063 433 1146 Rex,
457 1062 518 1126 hoc
542 1083 682 1146 namque
708 1083 789 1124 aevo
806 1061 882 1124 data
898 1060 1030 1147 regibus
1047 1060 1103 1124 illa
1119 1070 1315 1147 potestas,-

287 1168 377 1248 Quos
401 1168 541 1232 habeant
563 1168 719 1251 hominos,
743 1168 860 1251 animo,
885 1190 968 1253 qnae
991 1166 1121 1253 templa,
1144 1168 1294 1252 requirat:

203 1300 251 1342 ao.
286 1277 434 1361 Dignum
458 1297 568 1338 omnes
593 1276 684 1358 inter,
709 1285 754 1338 tot
779 1274 876 1359 milia,
900 1274 1082 1361 praeferat¹
1109 1296 1224 1354 unum,

285 1383 456 1447 Nolentem
479 1381 586 1445 trahat
609 1382 758 1466 invitum,
782 1381 944 1468 pellatque
967 1381 1129 1445 volentem

287 1490 568 1573 Quaerentemque
593 1510 702 1552 sacras
726 1485 871 1552 adversis
895 1487 1022 1574 legibus
1046 1510 1128 1551 aras.

375 1595 520 1659 Invitum
543 1595 616 1658 volo
639 1595 834 1681 pontificem,
858 1596 913 1681 qui
938 1593 1057 1680 dignus
1080 1593 1195 1658 haberi

286 1702 366 1765 Vult
390 1723 530 1787 gemma3
555 1723 631 1763 nam
654 1723 737 1785 quae
761 1701 879 1764 nostris
903 1710 969 1763 tam
992 1698 1064 1763 dira
1086 1699 1190 1764 libido

202 1831 250 1872 ae.
283 1808 446 1888 Quaerere
469 1806 658 1870 muneribus
681 1808 832 1894 turpique
856 1808 999 1871 sacraria
1022 1806 1178 1870 nummo?

287 1915 360 1998 Hic,
384 1914 463 1978 solio
488 1913 631 1977 nondum
656 1936 769 1998 vacuo,
792 1937 848 2000 per
871 1915 961 1999 regia
984 1913 1086 1977 currit

285 2022 379 2085 Atria
404 2021 561 2084 sollicitus
585 2021 651 2083 vivi
676 2032 707 2084 et
731 2021 792 2085 sibi
816 2021 919 2107 poscit
941 2019 1089 2104 honores,

287 2128 320 2192 Si
345 2127 441 2192 cadat
465 2139 539 2191 ante
563 2125 658 2211 diem,
683 2150 766 2213 vaga
790 2127 896 2191 sidera
920 2126 1059 2191 consulit
1082 2125 1146 2210 ille,

285 2234 327 2297 Et
351 2234 476 2298 vivacis
500 2232 569 2298 heri
594 2233 706 2299 sollers
730 2234 864 2319 inquirit
887 2235 921 2297 in
945 2239 1080 2298 annos2.

205 2363 251 2404 ao.
283 2340 415 2405 Mentiri
440 2341 576 2404 assuetis
599 2352 630 2405 et
655 2342 719 2404 fata
745 2341 864 2404 referre
888 2341 1008 2427 paratis

285 2447 410 2511 Pendet
435 2447 475 2510 ab
500 2446 682 2533 astrologis;
706 2446 861 2535 quicquid
885 2470 965 2533 grex
989 2447 1105 2511 annuit
1128 2446 1192 2530 ille,

285 2554 425 2618 Aemula
448 2554 544 2618 turba
566 2554 684 2639 Deum,
708 2555 821 2618 folium
845 2565 937 2641 putat
960 2577 1030 2619 esse
1055 2552 1210 2642 Sibyllae.

286 2660 351 2725 Hie
374 2663 590 2748 parasitorum
614 2684 709 2726 voces
733 2663 819 2746 emit,
841 2661 897 2726 ille
920 2671 1074 2748 nepotum

285 2767 470 2854 Ingluviem
494 2779 703 2854 ventremque
727 2768 836 2855 replet,
861 2770 887 2832 si
912 2767 1043 2854 regibus
1064 2766 1159 2831 illum

245 2927 251 2938 .
285 2874 348 2941 Seu
373 2898 453 2940 cena
476 2874 609 2940 laudent
634 2875 773 2959 madida,
798 2877 866 2940 sive
889 2898 962 2941 aere
985 2873 1153 2962 redempti.

286 2981 365 3044 Vidi
388 2982 547 3068 equidem,
572 2985 713 3067 memini,
736 3006 787 3049 res
812 3006 875 3047 non
900 2982 1067 3047 obscurior
1090 3003 1171 3046 aevo
1193 2989 1247 3062 est,

287 3088 490 3154 Occubuisse
513 3091 629 3172 virum,
653 3092 706 3153 cui
731 3090 833 3154 cruda
857 3091 1029 3177 virensque
1052 3089 1195 3172 iuventa,

285 3197 375 3260 Dum
400 3195 548 3260 madidas
573 3207 702 3283 superat
725 3220 862 3282 mensas,
886 3220 966 3284 quas
990 3205 1126 3283 apparat
1149 3193 1213 3258 illis

286 3304 394 3389 Atque
417 3303 491 3388 illis,
515 3326 652 3391 quorum
676 3305 778 3368 credit
802 3327 836 3368 se
860 3309 962 3369 voce³
984 3302 1093 3367 valere

205 3435 252 3474 ιο.
283 3410 406 3496 Regem
429 3409 525 3497 apud,
549 3410 637 3474 haud
661 3411 794 3475 dubiam
818 3412 926 3475 iussus
950 3431 1079 3497 sperare
1102 3408 1226 3472 tiaram.

286 3516 384 3581 Illum
407 3517 520 3604 epulas
544 3519 628 3583 inter
651 3519 730 3582 socii
753 3518 864 3583 videre
887 3517 1066 3601 cadentem,

285 3624 453 3710 Mixtaque
476 3627 554 3689 vina
577 3625 658 3690 cibis
683 3627 837 3690 miserum
860 3626 958 3689 risere
980 3632 1174 3687 vomentem

285 3731 354 3795 Neo
379 3732 511 3796 meliora
535 3744 666 3797 manent
691 3733 834 3796 animam
857 3752 1033 3816 manesque
1056 3727 1223 3816 malignos.

287 3838 379 3902 Haec
402 3839 588 3902 affectatum
612 3838 723 3925 templi
747 3838 848 3903 decus
871 3836 978 3902 attulit
1001 3835 1069 3901 olli:

204 3967 251 4008 as.
283 3945 502 4031 Praecipitare
526 3944 611 4010 diem
636 3945 795 4032 l'oedaque
818 3943 1010 4010 occumbere
1033 3953 1145 4007 morte.

286 4051 375 4130 Quid
399 4053 537 4116 referam
562 4051 682 4118 scelere
705 4062 801 4139 atque
824 4050 907 4115 dolis
931 4060 1078 4137 porrecta
1102 4069 1225 4115 venena

289 4318 297 4346 ¹
316 4321 379 4369 llss.
401 4322 577 4386 „praeseret“.

288 4406 391 4458 'Confi
412 4410 489 4460 Ovid.
511 4412 619 4462 lletaru.
640 4412 661 4473 l,
684 4409 741 4461 lla.

287 4495 419 4550 *Cornie
440 4498 548 4550 exhibet
568 4515 719 4565 perperam:
742 4514 822 4559 ,voce
837 4502 892 4550 se“.
