3016 5310
188 439 253 489 VIII
680 453 835 487 raasrsrro.

192 537 306 543 ———
319 535 591 542 ..ψ-
617 533 1088 542 ———--—-—---.-.————.—-
1096 533 1295 540 —-—n..—--

187 646 264 711 lona
286 646 328 711 de
349 646 474 736 Rcyzio
504 646 740 730 dissertatione,
770 645 812 710 ad
842 644 1001 711 librorum
1031 644 1330 732 manuscriptoru-

187 754 345 819 rationem
368 762 565 841 comparata,
588 753 773 818 accuratius
797 754 843 817 uti
867 751 986 818 volent.

293 859 368 940 Qua
391 882 427 924 re
441 871 550 925 autem
565 861 599 923 iu
615 859 806 925 ordinandis
821 859 937 948 Royzii
954 859 1153 924 carminibus
1170 881 1189 922 a
1205 858 1332 922 ratione

186 966 279 1032 libris
303 979 522 1033 servaturam
546 966 642 1053 longe
665 966 832 1032 discedere
856 967 916 1030 sim
941 977 1083 1052 coactus,
1106 964 1193 1029 infra
1219 962 1330 1028 decla-

185 1077 264 1140 rabo
288 1076 321 1139 in
345 1097 383 1140 ea
406 1074 503 1138 buius
526 1075 736 1162 praefationis
760 1084 861 1162 parte,
884 1075 918 1138 in
941 1095 1006 1160 qua
1021 1072 1062 1138 de
1077 1072 1194 1161 Royzii
1210 1070 1328 1138 carmi-

185 1182 283 1247 nibus
305 1181 472 1268 librisque,
495 1181 613 1267 quibus
636 1192 829 1247 conservata
852 1192 940 1265 sunt,
963 1179 1069 1245 fusius
1093 1202 1198 1266 agam.

294 1290 365 1353 Iam
389 1288 431 1353 ad
454 1290 557 1353 vitam
580 1289 695 1378 Royzii
719 1289 929 1376 carminaque
952 1288 1022 1352 eius
1045 1286 1246 1353 recensenda
1273 1306 1329 1349 ac-

186 1417 337 1461 cessurus
360 1418 553 1482 praemoneo
578 1418 638 1480 me,
661 1395 771 1459 multis
794 1397 829 1459 in
852 1395 984 1460 brevius
1009 1394 1183 1460 contractis
1198 1392 1329 1480 paucis·

185 1524 247 1589 que
270 1504 304 1566 iu
329 1501 443 1567 melius
466 1503 608 1587 mutatis,
632 1514 740 1568 cetera
762 1502 877 1568 eadem
908 1501 977 1567 fere
1007 1501 1208 1588 prolaturum
1231 1509 1329 1587 atque

184 1609 217 1672 in
241 1632 314 1675 mea
337 1609 453 1697 polona
477 1609 518 1674 de
540 1607 663 1697 Roy'zio
687 1610 922 1694 dissertatione,
946 1630 1029 1696 quae
1052 1631 1080 1673 a.
1105 1609 1189 1673 1897
1207 1605 1328 1698 Cracc-

184 1718 258 1782 viae
281 1716 345 1781 vol.
369 1717 508 1781 XXVII
532 1716 796 1781 dissertationum
827 1716 1015 1781 academiae
1046 1715 1258 1780 scientiarum
1286 1714 1328 1778 ad

182 1823 393 1911 philologiam
418 1824 633 1910 spectantium
656 1823 786 1911 prodiit.
809 1823 850 1887 In
869 1846 932 1909 quo
955 1822 1039 1888 libro
1062 1832 1094 1887 et
1117 1821 1232 1907 fontes,
1255 1821 1328 1908 qui-

185 1932 246 1997 bus
270 1953 349 1994 usus
374 1952 455 2015 sum,
478 1930 624 1995 indicavi
647 1941 678 1995 et
703 1929 832 2016 singula
855 1939 1007 1995 accurate
1030 1928 1110 1994 locis
1128 1928 1235 1994 allatis
1252 1927 1326 1992 illu·

184 2037 297 2101 stravi.
335 2038 428 2118 Quae
452 2037 560 2101 omnia
589 2037 644 2101 hic
675 2037 849 2124 repetendo
874 2035 1026 2102 volumen
1051 2035 1202 2100 editionis
1229 2034 1328 2099 huius

184 2165 303 2230 augere
326 2143 463 2207 nimium
487 2142 567 2208 mihi
590 2144 699 2209 visum
723 2154 787 2228 est,
818 2144 1033 2230 aequievique
1059 2144 1094 2206 in
1117 2142 1327 2228 gravioribus

183 2251 349 2337 artiusque
373 2271 448 2314 cum
471 2248 533 2315 hac
557 2251 697 2316 editione
721 2251 980 2332 cohaerentibus,
1012 2251 1040 2313 si
1063 2250 1136 2336 quis
1159 2250 1262 2336 igitur
1284 2248 1328 2313 ad

182 2354 396 2422 fundamenta
413 2358 616 2443 rationesque
633 2356 763 2421 ultimas
779 2380 903 2442 eorum,
926 2380 1009 2444 quae
1026 2342 1194 2437 enarrab0,
1218 2355 1328 2421 redire

180 2462 330 2548 voluerit,
354 2463 615 2529 dissertationem
638 2463 729 2527 illam
751 2465 856 2550 ipsam
880 2463 984 2529 adeat.

286 2571 369 2635 Tota
392 2571 542 2656 editione,
566 2571 672 2636 sicubi
695 2570 736 2634 ad
753 2571 868 2659 Royzii
886 2572 1033 2636 carmina
1049 2569 1163 2657 delego
1179 2570 1325 2653 lectores,

180 2677 291 2744 eodem
317 2678 430 2742 ordine
454 2701 607 2764 nuncupo
631 2678 773 2763 primum
797 2700 968 2742 numerum
992 2676 1181 2762 voluminis,
1205 2676 1325 2742 deinde

181 2786 332 2872 paginae,
362 2796 431 2849 tum
455 2807 583 2866 versus3
616 2785 722 2849 sicubi
744 2795 853 2848 autem
876 2785 1095 2849 necessarium
1120 2795 1177 2869 est,
1209 2805 1324 2850 versus

183 2914 319 2957 numero
342 2892 497 2957 carminis
522 2901 631 2955 uotam
654 2892 833 2978 praemitto.

290 3000 470 3064 Doctorum
493 3000 638 3063 virorum
670 3001 923 3087 amicorumque,
953 3000 1008 3086 qui
1040 3023 1091 3065 mc
1123 3001 1193 3065 sive
1223 2999 1324 3083 libris,

183 3106 253 3170 sive
277 3105 412 3171 consilio
436 3104 622 3192 auxilioque
646 3106 680 3170 in
702 3105 765 3172 hoc
788 3105 899 3172 labore
921 3107 1128 3194 exsequendo
1147 3105 1327 3171 liberaliter

138 3199 140 3203 ⁵
182 3212 388 3296 adiuverunt,
412 3224 443 3277 et
465 3214 500 3278 in
524 3212 649 3300 polcna,
672 3236 769 3301 qnam
794 3214 872 3300 dixi,
896 3213 1131 3299 dissertatione,
1154 3223 1186 3279 et
1201 3215 1324 3300 passim

180 3321 215 3385 in
238 3319 514 3405 adnotationibus,
538 3331 628 3386 textu
652 3320 750 3386 huius
773 3321 924 3387 editionis
948 3321 1116 3406 subiectis,
1145 3322 1208 3386 feci
1232 3343 1324 3386 men·

180 3427 298 3491 tiones:
329 3426 447 3513 quibus
471 3427 622 3492 omnibus
645 3429 742 3493 etiam
767 3427 922 3494 hocloco
952 3428 1166 3494 libentissime
1189 3429 1327 3493 meritas

179 3530 288 3598 refero
311 3533 443 3618 gratias.
