3016 5310
238 440 306 504 124
707 453 784 486 rnrnr
804 452 890 486 scrzrr

340 649 432 713 Milia
455 658 501 712 tot
523 648 626 733 possis
649 648 734 711 inter
757 648 896 733 reperire
919 658 1059 712 tuorum.

241 778 309 820 iro.
344 755 382 840 Ο,
406 756 478 841 quis
502 753 654 818 succedet
678 753 831 838 Samueli‚
854 754 975 840 dignus
1000 753 1114 819 haberi

343 863 417 927 Non
440 884 508 948 par,
531 884 595 924 non
620 861 744 927 similis.
768 860 824 925 sed
848 863 904 947 qui
928 863 1069 947 vestigia
1092 872 1200 928 servet

343 969 516 1032 Proximus
540 979 571 1031 et
594 990 713 1052 magno
736 967 787 1032 vcl
810 969 978 1054 proximus
1000 967 1217 1033 intervallo?¹

346 1076 447 1162 Saepe
471 1075 573 1160 agites
597 1084 704 1139 tecum
727 1076 826 1139 tacito
849 1085 889 1159 et,
913 1098 981 1159 rex,
1004 1086 1134 1162 pectore
1156 1076 1268 1141 volvas

346 1184 447 1269 Saepe
471 1192 536 1266 tuo,
560 1191 722 1268 reputans,
745 1204 840 1267 quem
864 1204 923 1268 pro
947 1181 1097 1248 Samuele
1120 1183 1265 1248 Deorum

243 1313 310 1356 irs.
346 1292 415 1355 Des
437 1288 575 1374 templis,
599 1311 736 1375 quemve
760 1289 899 1375 accipiat
922 1300 979 1353 tua
1002 1289 1094 1353 curia
1118 1289 1263 1376 dignum,

344 1398 493 1483 Dignum
515 1396 660 1482 pontifici
684 1395 848 1481 quondam
872 1395 1046 1460 succedere
1069 1406 1168 1460 taum.

345 1503 447 1590 Saepe
469 1504 571 1587 agites
595 1513 701 1566 tecum
726 1501 801 1566 licet
824 1512 864 1586 et,
888 1525 953 1586 rex,
977 1502 1075 1567 corde
1099 1502 1247 1567 revolvas

346 1609 448 1696 Saepe
471 1620 535 1694 tuo,
558 1609 617 1673 tibi
642 1632 705 1672 non
731 1608 861 1674 Samuel
886 1610 1083 1674 succurrerit
1107 1609 1198 1676 alter.

344 1716 407 1781 Illa
430 1716 492 1779 viri
516 1739 599 1802 quac
623 1717 773 1780 maiestas
797 1717 975 1802 frontisque
999 1738 1132 1781 serenae

244 1846 311 1889 reo.
342 1823 407 1902 Qui
431 1823 540 1887 decor!
564 1824 697 1887 emicuit
720 1845 802 1910 quae
826 1824 860 1886 in
882 1822 966 1888 laeto
989 1824 1095 1908 gratia
1118 1823 1222 1908 vultu7

347 1929 422 1995 Oris
445 1929 546 1993 honos
569 1928 705 2015 pulchro
729 1940 760 1994 et
784 1952 818 1993 sc
841 1928 1011 1994 effundens
1034 1940 1164 2016 pectore
1188 1931 1298 1994 virtus!

345 2037 440 2101 Unus
463 2046 541 2118 erat,
565 2059 658 2101 sacra
681 2059 777 2123 quem
801 2047 933 2100 tenuere
956 2036 1071 2100 altaria
1094 2035 1245 2121 dignum

347 2144 379 2208 Is
402 2145 485 2230 potis
509 2145 590 2207 irato
613 2165 708 2229 prece
731 2143 859 2208 flectere
883 2143 1026 2207 Numina
1049 2142 1139 2208 caelo

349 2251 390 2315 Et
413 2250 511 2338 plena
533 2251 637 2315 Divos
658 2251 805 2314 venerari
829 2250 917 2315 solus
940 2273 1060 2315 acerra.

245 2381 313 2423 res.
348 2357 595 2444 irreprehensus
618 2368 697 2442 erat,
721 2380 785 2420 non
810 2357 925 2443 culpae
948 2357 1109 2422 obnoxius
1134 2357 1201 2443 ulli,

349 2465 492 2549 Sobrius,
515 2464 602 2528 haud
627 2464 717 2550 largo
740 2464 887 2549 gaudens
910 2466 1043 2528 vinosus
1067 2464 1200 2544 Iacch03

348 2572 499 2637 Consiliis
523 2573 651 2658 agitans
675 2572 827 2658 prudens
851 2594 1074 2658 quaecumque
1096 2571 1248 2658 gerenda.

348 2679 421 2743 Non
443 2680 526 2744 levis
550 2690 605 2743 aut
628 2701 793 2765 praecepa,
816 2702 880 2743 non
904 2679 959 2743 illo
982 2681 1125 2744 ornatior
1147 2678 1229 2744 alter

350 2786 511 2852 Sarmatia
535 2788 566 2848 in
591 2809 719 2871 magna,
743 2787 843 2850 coluit
867 2810 923 2851 scu
947 2788 1083 2851 numina
1106 2787 1242 2870 Divum,

247 2915 314 2958 rao.
350 2893 426 2959 Sive
449 2893 616 2956 hominum
640 2893 792 2979 pulchros
816 2893 932 2957 studiis
955 2893 1116 2979 quaesivit
1138 2892 1282 2957 honores.

345 2999 446 3066 Sacra.
470 3000 541 3063 Deo
565 3000 676 3063 statuit
701 2999 802 3063 solido
826 2999 867 3063 de
890 3021 1049 3063 marmore
1072 2998 1203 3085 templa,

349 3108 456 3170 Parva
480 3107 547 3170 solo
570 3107 692 3192 patriae
716 3129 780 3192 qua
804 3116 941 3191 surgunt
964 3106 1091 3171 moenia
1114 3105 1268 3172 Ohodlae.

347 3213 420 3276 Non
445 3213 588 3279 Gracchi
611 3213 722 3299 procul
749 3213 828 3277 urbe
851 3214 976 3297 ingens,
999 3222 1148 3297 augusta,
1172 3213 1305 3299 superba

350 3319 420 3385 Stat
443 3320 568 3405 domna
592 3320 682 3384 urbis
704 3320 815 3404 honos,
838 3320 968 3406 rapidas
992 3318 1164 3384 Pradnicis
1188 3319 1230 3384 ad
1248 3316 1354 3382 undosi

247 3447 314 3490 res.
354 3428 426 3490 Huc
452 3449 521 3492 seso
545 3427 641 3491 rebus
666 3427 840 3493 defunctus
864 3429 948 3492 ferre
972 3426 1103 3510 solebat,

351 3535 414 3598 Hic
439 3557 571 3619 aegrum
596 3536 684 3600 curis
708 3545 821 3621 pectus
845 3533 990 3599 solvebat
1013 3534 1141 3597 amaria.

350 3641 433 3724 Non,
456 3640 529 3725 heu,
554 3651 620 3704 tam
644 3641 764 3705 celeres
787 3642 966 3705 Parcarum
989 3663 1119 3705 currere
1142 3640 1232 3705 fusos

349 3747 494 3812 Credidit
519 3760 574 3811 aut
598 3770 713 3832 urgere
736 3747 822 3811 diem
847 3747 923 3811 data
947 3749 1013 3811 fata
1037 3769 1236 3833 supremum,

349 3854 459 3917 Prima
482 3854 597 3918 domus
620 3853 724 3918 lactus
749 3876 822 3918 cum
847 3853 1059 3918 fundamenta
1082 3852 1212 3918 locaret.

245 3983 316 4024 200.
350 3962 419 4025 Nec
443 3973 549 4026 tamen
575 3960 693 4026 oblitus
718 3961 774 4024 fati
799 3962 949 4046 vitaeque
972 3960 1125 4043 caducae,

350 4069 420 4131 Iam
444 4069 643 4132 mausoleum
669 4079 816 4154 coeptum
841 4067 1078 4154 pulchrumque
1101 4066 1258 4132 sacellum

351 4176 456 4259 Nunc,
479 4175 554 4238 olim
580 4177 720 4241 moriens
744 4176 800 4240 ubi
825 4175 977 4240 conderet
1001 4197 1082 4258 ossa,
1105 4174 1251 4260 parabat.

353 4425 361 4454 ¹
381 4426 502 4492 Respicit
521 4426 635 4475 fortasse
655 4425 789 4474 Ciceronis
809 4427 883 4475 Orat.
904 4440 962 4489 cap.
982 4423 1007 4475 3.

350 4513 457 4566 'Ceut
477 4513 616 4571 Gdruiclri.
637 4515 796 4563 Duoraanin
816 4531 840 4578 p.
860 4510 946 4582 (Tur.)
964 4521 1011 4562 sir.
1033 4512 1066 4563 10
1086 4528 1111 4564 n.
