3016 5310
202 634 391 722 Canitiequc
417 636 578 700 verendus
601 637 706 720 horno,
730 660 789 702 ncc
813 640 930 702 noxius
956 637 1022 707 ulli,

157 779 171 804 t.
203 741 264 805 Illa
290 765 388 806 senex
413 754 530 827 servat,
554 745 656 830 prirua
681 768 763 830 quae
787 756 891 809 aetate
915 745 1073 831 probavit.

295 849 363 912 Hos
387 850 471 913 iuter
495 850 621 914 medius
646 850 758 914 diviua
781 851 911 914 tlaurine
936 850 1049 937 plenus

203 954 377 1042 Extemplo
400 957 539 1041 Lucas‚¹
563 958 669 1041 gentis
693 957 750 1022 lux
775 955 864 1021 clara
886 957 1031 1043 polouac‚

204 1062 310 1140 Quem
334 1085 451 1148 magua
477 1064 627 1129 accendit
651 1087 819 1128 sacrarum
841 1063 944 1150 gloria
968 1086 1088 1149 rerum,

202 1170 320 1253 Lucas,
344 1193 408 1256 quo
431 1169 482 1234 his
505 1171 600 1233 terris
625 1195 688 1235 non
712 1183 761 1235 est
784 1173 999 1258 praestantior
1023 1171 1105 1236 alter

164 1327 170 1338 .
203 1276 268 1354 Ore
293 1277 379 1340 ciere
401 1277 490 1340 viros
514 1279 701 1364 animosque
725 1278 870 1342 attollere
894 1278 983 1342 caelo
1007 1318 1050 1326 —

204 1382 373 1447 Insensum
398 1383 512 1448 tundet
535 1386 678 1448 romanis
702 1385 870 1449 immitibus
892 1385 1026 1449 hastam.

205 1489 381 1577 Quaequae
405 1514 516 1554 amens
540 1492 649 1565 animi,
673 1492 830 1578 furiisque
854 1493 995 1577 agitatus
1018 1502 1050 1554 et
1073 1502 1180 1555 restro

204 1595 383 1661 Multorum
406 1599 527 1685 passim
552 1598 683 1663 diffudit
707 1600 739 1661 in
764 1622 820 1662 ora
844 1598 1017 1681 Luthcrus,

205 1703 273 1787 Ille,
296 1703 401 1768 levem
426 1715 592 1791 tamquam
615 1705 739 1792 lampas
763 1705 905 1791 phoebea
932 1706 1080 1792 pruinam

157 1835 171 1874 ¹·.
205 1810 368 1874 Exoriens
392 1810 481 1875 caelo
505 1823 617 1876 tenue-s
641 1811 791 1874 dissolvit
815 1813 848 1876 in
872 1835 978 1895 acuas,

204 1916 351 2004 Dissipet
373 1929 406 1982 et
429 1918 570 1982 tenebris
594 1919 684 1983 illata
707 1919 779 1983 lucr.
804 1920 934 2004 fugatis,

205 2024 362 2108 Sarmata,
386 2024 555 2111 compellet
580 2025 685 2109 dietis,
710 2038 848 2090 mentem
872 2037 970 2090 exuat
994 2026 1098 2109 istam,

204 2130 277 2209 Qua
303 2131 336 2194 in
361 2154 430 2195 sese
454 2133 588 2217 ignarus
614 2132 742 2197 divinas
766 2144 901 2218 aggerat
924 2134 999 2196 iras

205 2237 360 2325 Quaeque
385 2262 487 2324 sacra,
511 2239 602 2303 obliti
628 2240 726 2304 saecli
751 2240 903 2324 melioris,
927 2241 1017 2303 avita

157 2381 170 2407 ι.
204 2346 373 2409 Mutavere
398 2347 501 2430 novis,
524 2347 637 2410 cadem
663 2371 737 2411 mox
762 2357 874 2433 spontc
899 2358 1072 2410 resumant.

295 2452 530 2540 Picariusquc²
552 2453 666 2538 aderit,
690 2455 791 2517 trifidi
814 2454 870 2540 qui
894 2452 1040 2517 fulminis
1066 2454 1170 2517 instar

204 2557 377 2645 Oppositas
402 2560 501 2623 moles
526 2562 731 2647 romanisque
754 2560 885 2624 arcibus
910 2583 1001 2624 arces

205 2664 358 2730 Obiectas
382 2680 455 2730 ruat
477 2679 510 2731 ct
533 2691 651 2754 magna
676 2667 829 2732 defendat
853 2691 950 2754 opum
977 2669 1007 2730 vi

205 2772 380 2837 Sacrorum
405 2773 504 2837 salvis
528 2775 665 2838 tiberina
691 2775 835 2838 sacraria
860 2774 964 2838 relius.

295 2880 468 2944 Proximus
491 2880 542 2945 his
568 2881 762 2946 Benedictus
785 2882 847 2945 erit
870 2881 1064 2945 bencdoctos
1088 2891 1119 2943 ct
1142 2880 1213 2967 ipse

202 2985 411 3071 Cosminius,³
434 2988 554 3052 Phoebi
580 2990 632 3052 tetri
658 3011 737 3052 cura
760 3012 940 3074 novemque
965 3010 1111 3050 sororum

203 3091 302 3155 Haud
326 3104 484 3180 postrema
511 3094 609 3179 sedet,
633 3095 754 3158 divinis
777 3118 859 3181 (pirae.
883 3094 994 3157 addita
1019 3092 1140 3156 chartis

203 3198 331 3263 Extulit
353 3201 521 3286 ingenium
545 3204 639 3264 terris
663 3214 694 3265 ct
718 3202 790 3264 fixit
814 3201 963 3290 Olympo

291 3306 488 3371 Carnunti*
512 3331 571 3371 ncc
596 3332 653 3372 nos
678 3332 791 3395 ccpcrc
816 3309 946 3391 oblivia
971 3308 1052 3371 iuris

157 3446 170 3473 κ.
206 3409 351 3476 Consulti
376 3425 471 3500 atapic
495 3417 598 3501 acqui,
623 3415 738 3479 studiis
762 3417 816 3502 qui
842 3439 942 3502 paene
966 3414 1097 3496 relictis,

205 3517 392 3605 Papiniano,
416 3523 480 3584 tuis
504 3534 605 3586 totam
630 3547 698 3586 scsc
723 3522 849 3588 abdidit
872 3521 946 3585 altis

206 3626 379 3692 Sacrorum
403 3627 496 3692 libris
520 3642 551 3692 ct
575 3631 607 3693 in
633 3629 696 3693 illis
721 3629 816 3694 sudat
839 3642 871 3692 ct
894 3628 988 3714 alget.

207 3796 216 3825 ¹
238 3799 337 3848 Lucam
356 3798 493 3850 (atrnieki.
513 3801 715 3851 celeberrimum
735 3803 898 3866 scriptorem,
920 3801 1016 3863 tangit.

206 3883 216 3914 ²
229 3887 324 3938 Clarus
331 3888 410 3938 aulae
417 3889 507 3954 regiae
515 3891 689 3941 contionator.
701 3892 775 3940 (ens.
784 3907 891 3940 cannen
899 3891 931 3940 ad
940 3906 1000 3939 euru
1007 3890 1135 3954 seriptum
1143 3889 1194 3938 vol.
1202 3889 1239 3938 ΙΙ,

206 3975 217 4003 ³
234 3977 394 4027 Benedictus
413 3979 444 4027 de
466 3980 585 4030 Komaia,
606 3980 754 4031 litterarum
774 3982 945 4045 antiquarum
965 3980 993 4028 in
1015 3978 1154 4029 academia
1179 3993 1239 4029 cra·

157 4065 215 4115 ensi
235 4066 323 4116 clarus
343 4070 483 4130 professor.
503 4069 562 4116 (lbi.
583 4085 606 4118 a.
628 4068 705 4120 tant).

205 4152 384 4206 ‘stanislaas
413 4157 600 4209 Karnkooski.
631 4160 721 4222 ltoyzii
750 4160 777 4207 iu
806 4159 945 4210 academia
973 4156 1139 4209 cracoviensi
1167 4157 1239 4208 inter

158 4240 212 4294 543
231 4253 258 4294 ot
278 4243 347 4295 1553
365 4245 519 4310 discipulus.
539 4248 583 4310 qni
603 4248 705 4311 aliquot
718 4250 795 4298 anais
806 4257 868 4299 ante
880 4264 902 4297 a.
917 4247 984 4298 1557
995 4247 1087 4299 doctor
1100 4262 1237 4297 sacrorum

157 4349 228 4383 inum
247 4334 274 4382 iu
288 4334 426 4385 academia
440 4337 583 4399 perusiana
594 4347 708 4388 creatus.
722 4338 756 4387 ad
770 4354 884 4386 summos
897 4339 925 4386 iu
948 4338 1062 4388 ccclesia
1076 4337 1172 4400 polone
1188 4335 1237 4385 ho·

157 4423 367 4487 scaposaeudos
393 4441 420 4474 se
446 4427 631 4489 praeparabat.
670 4428 738 4476 Nam
763 4443 787 4476 a.
816 4426 881 4477 1567
901 4427 1040 4490 episeopus
1064 4425 1237 4487 euiaviensis,

157 4510 208 4563 581
228 4512 444 4580 archiepiscopus
464 4515 620 4578 gncsncnsis
641 4518 728 4566 sactus
748 4526 795 4566 cst.
