3016 5310
269 432 358 482 XXlV
776 442 929 478 ruarrarro.

269 517 336 524 μ...-
378 517 385 520 -
475 517 491 520 -
526 516 528 519 -
1131 517 1134 521 ι
1154 517 1158 520 ·
1373 521 1380 524 .
1400 520 1412 523 ...

270 529 356 536 .--.
393 530 435 534 .....
464 529 479 533 ..
513 528 589 534 ,,..-.
650 526 862 532 ,,---..-..-.
883 525 947 531 ..-.
984 526 1046 531 --
1088 526 1248 534 --—-·——.
1271 530 1332 536 ..-
1357 531 1412 536 -..

266 663 338 703 sum
362 662 432 703 csse
456 639 615 703 ridemus.
638 636 704 716 Qui
727 636 850 725 Royaio
875 635 1012 701 fortasse
1036 638 1101 700 iam
1119 638 1283 703 Bononiae
1300 642 1413 725 cogni·

264 758 333 829 tus,
365 759 396 810 et
421 748 453 809 in
478 745 628 828 Polonia,
658 743 737 807 dum
767 755 798 807 et
822 743 890 829 ipse
914 744 1022 827 regiae
1046 743 1139 807 aulae
1163 744 1297 829 probra,
1325 747 1413 810 iudi-

265 854 389 918 ciorum
414 853 495 917 vitia
526 851 664 936 fideique
695 849 868 913 novandas
898 872 1053 935 perversa
1084 849 1193 914 studia
1224 852 1412 930 insectatur,

264 961 370 1024 amica
393 958 628 1024 consuetudine
652 958 861 1040 coniunctus,
887 995 928 1002 —
953 969 1123 1043 postquam
1150 958 1307 1023 ecelesiae
1331 961 1412 1046 ‹log-

264 1077 353 1129 mata
375 1088 505 1129 movere
528 1063 770 1148 caelibatusque
794 1071 887 1126 vetus
912 1064 1096 1127 institutum
1121 1064 1313 1151 impugnare
1337 1089 1411 1131 coc·

264 1173 320 1260 pit,
343 1172 482 1237 eundem
498 1172 657 1259 Royzium
675 1170 919 1235 dissentientem
935 1182 1096 1255 expertus,
1118 1171 1179 1256 ipsi
1196 1171 1258 1234 iuri
1278 1195 1411 1235 romano

263 1280 298 1343 in
322 1278 489 1343 Poloniam
512 1277 748 1342 introducendo
772 1300 872 1363 eoque
887 1276 1010 1363 Royzio
1026 1299 1102 1342 acer
1117 1277 1269 1342 inimicus
1285 1281 1412 1344 exstitit

263 1386 418 1471 (11‚469,
443 1387 505 1466 IV;
528 1386 554 1469 Ι,
581 1387 653 1469 116,
679 1409 708 1448 v.
733 1386 797 1450 523
822 1389 910 1470 sqq).

371 1492 465 1557 Unde
490 1503 577 1578 patet
600 1491 825 1556 condicionem
856 1491 971 1579 Royzii
1006 1491 1129 1554 ultimis
1161 1491 1364 1576 Sigismuudi
1392 1493 1410 1556 I

264 1600 358 1662 annis
383 1599 551 1663 difficilem
575 1610 607 1661 ct
631 1597 800 1662 molestam
824 1598 934 1661 fuisse.
969 1597 1049 1683 Spes
1074 1599 1218 1661 muneris
1243 1598 1409 1684 amplioris

263 1706 457 1792 assequendi
481 1729 556 1770 eum
581 1703 712 1788 fefellit,
738 1727 811 1769 eum
836 1704 993 1790 proximis
1018 1703 1160 1789 collegis,
1186 1707 1409 1770 univcrsitatis

263 1812 510 1898 professoribus
534 1811 624 1875 nullo
648 1813 767 1875 artiore
791 1811 953 1875 amicitiae
977 1811 1109 1874 vinculo
1134 1812 1327 1876 coniunctus
1357 1812 1409 1876 fu-

262 1920 327 1983 isse
350 1919 490 2003 videtur,
513 1929 637 1982 veteres
662 1919 759 1983 amici
784 1917 930 1981 nonnulli
955 1940 1029 1981 cum
1054 1917 1233 1998 deseruere,
1257 1921 1334 1982 novi
1359 1920 1409 1982 in-

263 2026 352 2089 imici
383 2041 598 2090 accessorum.
637 2027 686 2089 Ita
720 2025 843 2089 factum
874 2037 938 2108 est,
973 2037 1007 2088 ut
1038 2024 1144 2088 denuo
1176 2024 1409 2111 relinquendae

262 2131 415 2196 Poloniae
439 2119 611 2196 consilium
636 2133 766 2218 ceperit.
790 2132 902 2216 Neque
918 2143 1027 2195 tanum
1044 2131 1077 2194 id
1094 2133 1200 2218 ipsum
1217 2144 1285 2196 erat
1302 2132 1408 2197 facile.

262 2239 346 2302 Nam
370 2262 411 2303 ne
436 2239 593 2303 viaticum
617 2239 748 2324 quidem
773 2240 965 2324 suppetiisse
989 2240 1018 2301 ei
1035 2239 1164 2303 videtur
1181 2240 1407 2325 praevidebat-

261 2368 324 2432 que
349 2346 511 2430 futurum,
545 2358 579 2409 ut
602 2347 744 2431 quinque¹
768 2347 862 2409 armis
887 2346 1008 2409 frustm
1033 2348 1064 2407 in
1090 2345 1196 2409 aliena
1219 2359 1306 2410 terra
1332 2369 1407 2409 rson-

262 2453 399 2538 sumptis
423 2453 455 2515 in
481 2453 619 2539 patriam
643 2475 774 2517 reverso
798 2453 839 2516 ab
863 2454 956 2516 initio
981 2452 1116 2516 molesta
1141 2464 1172 2516 et
1196 2452 1322 2517 lubrica
1339 2477 1408 2516 ma-

261 2560 456 2644 gistratuum
482 2559 692 2642 petendorum
708 2560 761 2622 via
785 2571 870 2623 esset
886 2559 1109 2643 ingredienda.
1134 2561 1247 2644 ltaque
1265 2561 1406 2623 ‹afferrsus

262 2665 421 2752 simulque
445 2665 602 2729 sollicitus
627 2667 726 2730 animi
752 2665 908 2730 valedicit
932 2666 1058 2731 Omitac
1081 2679 1112 2730 et
1136 2667 1317 2741 Maccorim
1350 2691 1406 2753 pa-

261 2782 354 2835 trono
378 2795 435 2835 suo
460 2772 578 2837 dilecte
607 2774 662 2855 (11.
687 2775 742 2853 663
767 2773 862 2856 aab),
893 2774 980 2860 apud
1011 2772 1201 2839 Scaevolam
1234 2774 1405 2859 quendam,

260 2901 324 2964 quo
348 2880 477 2943 nominc
502 2880 607 2966 ipsum
639 2903 746 2964 regem
779 2879 897 2945 acerbe
927 2892 1061 2964 tangere
1086 2879 1294 2962 1131111111,
1319 2883 1405 2964 230),

260 2987 406 3070 queritur
429 2987 462 3049 in
486 2987 601 3050 itinere
625 3010 689 3050 non
714 3010 784 3050 esse
808 2987 868 3050 sibi
895 2986 1055 3050 timendos
1079 2986 1228 3067 latrones,
1252 2987 1313 3047 nisi
1336 3009 1404 3048 sar-

259 3092 366 3156 cinam
391 3094 469 3155 satis
490 3092 647 3177 grandem
664 3094 905 3177 promissorum,
929 3092 1047 3177 quibus
1064 3093 1096 3154 in
1113 3090 1280 3155 Poloniam
1297 3115 1404 3156 arces-

258 3199 338 3262 situs
362 3198 570 3282 detineretur,
594 3199 738 3285 expilare
761 3198 891 3282 vellent,
915 3199 1063 3262 bortatur
1087 3200 1218 3275 uarices„
1244 3210 1277 3260 ut
1296 3199 1403 3262 :culam

257 3303 404 3390 fugiant,
431 3306 483 3369 ubi
509 3329 573 3368 non
598 3308 721 3369 meritis
745 3306 802 3370 sed
826 3305 908 3368 dolis
933 3307 987 3369 via
1011 3316 1175 3369 sternatm
1198 3305 1238 3367 ul
1265 3318 1335 3386 urat
1324 3308 1403 3368 triam

258 3412 433 3476 ineundam
458 3413 657 3500 honoresque
682 3413 909 3498 adipiscendos
894 3413 988 3489 s.(ll
1011 3413 1405 3497 11111111111113,

260 3520 288 3601 Ι,
315 3520 387 3584 108.
412 3520 628 3602 28111111
652 3521 769 3600 333
750 3524 791 3595 1)).
830 3521 956 3599 Quas
949 3531 1032 3584 mter
1056 3520 1204 3605 querelas
1228 3521 1405 3584 incusatio-

259 3649 379 3712 nesque
403 3626 653 3691 cunctabundus
677 3628 816 3712 experiri
843 3627 1017 3710 constituit,
1041 3638 1190 3712 possetne
1206 3628 1337 3690 altlictis
1356 3650 1405 3689 rc-

259 3734 319 3798 bus
344 3734 411 3797 suis
436 3733 567 3815 mederi,
592 3735 618 3796 si
643 3734 780 3797 duorum
804 3732 1149 3797 excellentissimorum
1168 3734 1405 3819 potentissimo-

258 3861 394 3925 rumque
419 3842 451 3902 in
476 3863 511 3903 re
529 3840 657 3925 publica
675 3839 790 3926 polana
807 3841 964 3903 virorum.
990 3841 1122 3903 loannis
1137 3839 1292 3903 Tarnovii
1310 3853 1405 3926 atque

259 3946 344 4009 Petri
369 3947 502 4030 (linitae,
533 3949 671 4032 gratiam
704 3947 926 4032 auxiliumque
949 3948 1011 4011 sibi
1039 3960 1266 4034 comparasset.
1302 3947 1405 4011 Multa

256 4051 369 4115 habuit
401 4053 434 4115 in
466 4055 594 4117 scriniis
626 4055 771 4118 carmina
802 4055 965 4138 breviora,
998 4055 1173 4118 subsicivis
1205 4055 1404 4140 temporibus

257 4159 502 4246 scriptamque
526 4161 640 4224 amicis
664 4160 795 4246 quidem
819 4163 1067 4244 communicata,
1099 4160 1155 4224 sed
1181 4184 1242 4224 non
1269 4160 1405 4245 vulgata

258 4266 353 4353 typis.
389 4266 438 4329 Ea
462 4265 596 4351 digessit
621 4268 653 4329 in
678 4267 760 4331 duos
784 4266 921 4352 libellam,
945 4291 1024 4354 quos
1048 4269 1132 4353 aptis
1156 4269 1329 4353 prooemiis
1355 4270 1406 4330 in-

258 4381 398 4434 structos
422 4372 557 4436 alterum
583 4374 755 4458 Tarnovio,
779 4373 916 4439 alterum
934 4375 1059 4440 (inritae
1075 4374 1247 4439 dedicavit.
1272 4375 1404 4440 Scilicet

256 4479 400 4562 speravit
425 4479 501 4562 fore,
534 4490 568 4544 ut
591 4482 699 4546 acerbi
726 4480 809 4546 sales
834 4483 1029 4567 carminum,
1060 4484 1115 4568 qui
1139 4482 1314 4546 multorum
1340 4495 1404 4546 sto—
