3016 5310
536 465 570 498 DE
591 464 731 500 APPARATU
750 467 904 502 turrium(
924 468 980 502 ΕΝ.

197 527 292 551 ==

294 656 461 741 Oracovia,
486 679 606 743 magna
628 657 693 723 late
717 661 890 724 eomitante
914 670 1053 743 caterva,

295 762 383 828 Exit.
413 763 520 843 Quem
541 762 684 850 phaleris
707 765 909 851 maculisque
931 766 1070 852 insignis
1092 774 1125 830 et
1147 763 1221 830 albo

218 890 264 934 ss.
293 868 405 933 Portet
427 892 544 956 equns3
568 871 649 936 nitet
672 871 741 957 ipse
764 894 843 936 auro
865 894 1060 958 gemmaque
1081 871 1226 955 micanti,

294 974 489 1062 Perstringit
512 976 639 1063 fulgore
662 977 773 1042 oculos
795 977 970 1062 turbatque
993 979 1109 1060 nitore3

293 1081 409 1167 Regali
433 1085 580 1169 sequitur
602 1084 705 1170 pubes
729 1107 825 1170 quem
849 1084 1020 1171 splendida
1042 1084 1134 1149 luxu.

385 1189 458 1253 Hoc
482 1212 610 1276 quoque
633 1211 752 1254 munus
775 1191 843 1256 obit
865 1191 959 1256 fortis
983 1190 1176 1257 Latalitius¹
1198 1189 1305 1277 heros,

295 1295 369 1374 Quo
392 1295 527 1361 ductore
550 1298 656 1360 omnis
681 1319 750 1361 sese
769 1298 934 1362 Posnenia
956 1297 1031 1361 latis
1403 1289 1405 1293 ¹

214 1422 261 1464 ao.
291 1400 440 1466 Effundit
464 1403 588 1488 campis
612 1412 708 1488 atque
731 1402 838 1467 hostes
862 1413 951 1468 arcet
974 1402 1015 1467 ab
1040 1426 1118 1488 agro

295 1506 484 1593 Sarmatico,
508 1508 711 1594 completque
734 1510 866 1574 inimico
888 1510 1046 1594 sanguine
1070 1530 1210 1592 campos.

384 1613 511 1679 Obvius
537 1616 562 1679 it
586 1638 714 1701 quoque
737 1617 870 1700 reginae
893 1613 1149 1682 Srzenoschius²
1170 1613 1276 1700 heros,

292 1720 423 1785 Ducere
446 1720 593 1807 ploseeas
617 1723 703 1787 acies
727 1723 781 1787 eui
804 1744 931 1786 summa
955 1730 1103 1807 potestas,

294 1827 396 1892 Cuius
420 1827 520 1892 ductu
543 1827 669 1892 hostem
692 1828 852 1893 invadunt
875 1830 1077 1914 Martemque
1102 1827 1254 1913 fatigant:

217 1955 262 1998 ss.
379 1935 551 1998 Finitimos
575 1944 611 1999 ut
633 1936 723 2000 venit
746 1958 850 2022 agros,
874 1934 1011 2022 urbique
1033 1935 1227 2021 propinquat

294 2040 471 2106 (iraeoviae
494 2043 616 2128 regina,
641 2065 700 2107 sua
725 2052 760 2106 ut
783 2042 838 2106 det
860 2041 1006 2106 membra
1030 2041 1130 2127 quieti

293 2147 408 2233 Longa
431 2147 518 2212 fessa
540 2149 604 2232 via,
627 2149 783 2214 Balicae³
806 2149 962 2213 successit
986 2138 1156 2211 amoenae(

293 2252 422 2318 Interea
444 2276 538 2319 verso
562 2278 629 2319 nox
649 2255 783 2320 incubat
806 2254 942 2318 humida
966 2253 1056 2319 eaelo

295 2358 490 2447 Sidereoque
512 2359 651 2426 humiles
675 2362 798 2426 solatur
821 2361 944 2425 lumine
967 2370 1078 2424 terras.

215 2487 259 2530 ao.
378 2467 512 2532 Postera
536 2490 612 2532 cum
635 2468 742 2533 lucem
764 2470 858 2533 terris
881 2490 998 2532 aurora
1021 2465 1161 2550 reduxit,

294 2571 431 2638 Sustulit
454 2585 486 2639 et
508 2574 626 2639 rutilus
650 2598 684 2640 se
707 2577 834 2661 gurgite
857 2574 1007 2640 Phoebus
1031 2572 1071 2637 ab
1096 2572 1169 2657 alto,

292 2679 433 2766 Corripit
456 2702 474 2745 e
496 2680 648 2745 thalamis
672 2704 741 2746 sese
765 2683 878 2768 regina
900 2683 1043 2767 petitque

293 2784 414 2851 Sancta
437 2809 520 2872 aras,
543 2787 652 2853 verbis
675 2788 732 2853 ubi
754 2788 822 2853 liba
844 2787 1028 2875 potentibus
1052 2788 1167 2872 ingens

291 2891 488 2980 Concipiunt
511 2917 633 2959 numen
657 2896 847 2982 spiransque
870 2905 901 2960 et
924 2893 1100 2959 bacchicus
1124 2892 1244 2957 humor

211 3018 257 3063 aa.
289 2998 466 3087 Sanguinis
489 3000 637 3065 induitur
659 3003 800 3088 speciem
823 3011 856 3066 et
879 3025 913 3067 se
937 3001 1033 3065 solvit
1055 3001 1090 3063 in
1113 2998 1244 3064 undam.

290 3105 406 3170 Audiit
429 3117 465 3170 ut
488 3129 618 3171 sacrum
641 3107 798 3195 divosque
820 3109 855 3172 in
879 3118 954 3172 vota
977 3107 1107 3172 vocavit

291 3211 564 3301 Supplieibusque
587 3213 690 3278 oculis
713 3214 822 3279 hausit
846 3214 999 3301 spirabile
1023 3235 1151 3297 numen,

288 3320 374 3383 Ante
396 3321 469 3384 viae
492 3343 590 3408 quam
614 3344 648 3385 se
672 3321 783 3385 credat
807 3325 895 3406 (nam
919 3323 985 3384 iam
1008 3342 1125 3384 aureus
1149 3318 1260 3383 orbem

290 3424 345 3491 Sol
368 3449 500 3490 mensus
523 3427 677 3511 medium,
700 3438 815 3492 tenues
839 3436 1044 3493 contraxerat
1068 3425 1222 3510 umbras),

204 3550 254 3595 so.
284 3532 462 3597 Discubuit
485 3556 616 3599 mensae
638 3544 669 3598 et
693 3536 796 3598 socios
820 3534 1025 3599 discumbere
1048 3533 1141 3597 iussit

286 3638 430 3723 Unaut
453 3639 571 3705 deinde
593 3642 667 3705 viae
692 3664 761 3705 sese
785 3642 985 3705 committere
1008 3640 1140 3725 possint.

375 3744 569 3812 Sismundus
593 3758 672 3811 tune
696 3749 865 3831 Augustus
889 3770 956 3830 rex,
981 3745 1082 3808 altera
1106 3745 1212 3829 gentis

285 3851 483 3918 Sarmaticae
507 3876 588 3938 spes,
613 3855 804 3918 sarmaticae
827 3864 858 3918 et
882 3877 967 3917 nova
990 3851 1093 3938 gloria
1117 3851 1233 3936 gentis,

285 3959 436 4022 Priscum
459 3961 618 4024 maiorum
642 3983 763 4024 morem
787 3961 949 4048 ritumque
973 3970 1112 4044 secutus²

202 4086 253 4129 aa.
285 4064 443 4151 Sponsam
466 4077 662 4152 excepturus
685 4066 795 4131 multis
819 4089 895 4131 eum
918 4066 1050 4130 milibus
1074 4065 1141 4129 exit

290 4241 456 4294 ¹1anussius
481 4244 630 4294 Latalioius
655 4243 807 4308 (Latalslri),
835 4261 913 4310 quem
941 4250 1131 4295 commemorat
1157 4242 1279 4294 Chiliast.
1303 4258 1332 4298 v,

177 4329 244 4396 491,
262 4338 322 4383 erat
340 4331 476 4398 palatinus
498 4333 694 4384 Posnaniensis.

290 4417 301 4448 ²
320 4420 394 4472 Felix
413 4418 547 4485 Szrer'iski,
567 4420 703 4487 palatinus
722 4421 867 4471 Plocensis.

290 4506 420 4574 'Balicq
440 4509 516 4560 vicus
534 4526 617 4575 prope
636 4510 794 4561 Cracoviam
813 4510 889 4563 situs.

291 4604 403 4646 cumin&
417 4605 444 4644 Τ.
458 4604 476 4643 Ι.
