3016 5310
279 686 429 750 Vertitur
450 686 574 749 interea
598 684 724 749 eaelum
748 696 780 749 et
803 708 867 748 nox
892 685 1027 750 iueubat
1050 696 1120 749 atra

182 815 244 856 ese.
281 794 488 880 Vespereque
512 792 656 855 immisso
679 792 820 857 tenebris
844 791 1022 856 involvitur
1044 793 1162 858 aether.

370 901 502 963 Postera
526 922 599 962 eum
624 898 731 963 lueem
755 899 849 964 terris
872 921 990 962 aurora
1014 899 1153 985 reduxit.

279 1008 310 1072 It
334 1005 477 1072 Gracchi
501 1017 656 1071 maestam
682 1006 828 1070 funebris
853 1029 969 1093 poirrpa
992 1029 1050 1093 per
1073 1006 1196 1074 urbem.

281 1115 441 1178 Hesterno
465 1113 554 1178 velut
578 1124 652 1177 ante
675 1112 736 1191 die,
760 1114 975 1177 maestissima
998 1136 1123 1201 pompa.

279 1222 507 1307 Lugentesque
531 1220 638 1284 ferunt
662 1243 802 1283 vaeuum
828 1243 884 1305 per
907 1219 1027 1306 templa
1049 1220 1203 1284 feretrum

280 1327 484 1410 Inferiasque
508 1336 630 1390 eanunt
654 1328 722 1410 regi
747 1326 948 1413 lugubreque
972 1349 1111 1392 earmen.

279 1434 380 1499 Pulsa
403 1445 518 1499 sonant
542 1455 700 1520 campana
724 1434 798 1497 altis
822 1435 855 1497 in
879 1434 1023 1498 turribus
1047 1457 1122 1498 aera

281 1542 551 1627 Ingeminantque
576 1541 665 1605 urbis
689 1540 812 1604 luetum
837 1541 1029 1624 caelumque
1052 1543 1200 1628 remugit,

281 1649 323 1712 Et
347 1646 469 1713 erebris
492 1649 577 1713 ietus
601 1659 730 1712 resonat
752 1647 924 1712 tinnitibus
948 1648 1065 1712 aether.

369 1756 543 1820 Pontifices
566 1757 686 1843 passim
712 1756 836 1820 faciunt
860 1778 917 1841 per
941 1755 1061 1841 templa
1083 1756 1226 1819 Deorum

281 1862 390 1928 Sacra.
425 1862 640 1926 Leonardus¹
665 1863 752 1926 earnit
775 1862 837 1945 hio,
860 1863 1059 1927 Droievius2
1081 1862 1157 1947 illie,

281 1970 439 2034 Doctrina
460 1969 514 2033 hie
538 1981 714 2056 praestans,
738 1970 855 2055 pietate
878 1979 908 2033 et
933 1969 1076 2033 moribus
1099 1969 1163 2053 ille,

280 2076 393 2143 Cultor
417 2078 559 2141 iustitiae
583 2100 621 2141 ao
645 2077 950 2141 observantissimus
974 2078 1078 2162 aequi,

280 2183 423 2269 Ohelma,
446 2195 522 2248 tuus
545 2184 683 2271 praesul,
708 2184 826 2269 diguus
851 2185 971 2248 maiore
994 2185 1084 2248 tiara.

368 2290 547 2356 Iadueius³
570 2314 679 2355 sacras
700 2293 816 2356 Annae
839 2291 992 2356 eantabat
1015 2292 1055 2355 ad
1081 2314 1163 2378 aras,

280 2399 436 2463 Iadueius
460 2398 575 2463 doetus
598 2398 769 2485 perplexus
793 2398 918 2463 solvme
942 2398 1014 2463 lites

281 2507 388 2592 Atque
412 2506 481 2570 sore
505 2505 655 2571 cohibere
678 2506 824 2570 homines
848 2515 879 2570 et
902 2506 973 2593 lege
996 2506 1170 2591 Quiritum,

281 2612 440 2699 Optimus,
464 2614 597 2678 inferior
620 2614 726 2700 priseo
750 2637 814 2677 non
838 2613 892 2678 ille
916 2615 1080 2703 Lycurge,

280 2721 354 2784 Non
376 2719 566 2806 Pandionio,
590 2721 730 2785 eelebrat
755 2744 851 2805 quem
876 2722 971 2804 fama,
995 2721 1154 2786 Draeone.

370 2827 423 2891 Ad
448 2828 602 2914 Stephani
626 2840 670 2914 tu,
694 2829 866 2911 ufficone
891 2851 953 2914 quo
976 2828 1092 2892 Plosea
1115 2829 1210 2893 beata
1233 2840 1280 2893 est

180 2958 185 2993 :
238 2988 245 3000 .
279 2935 442 3020 Praesulq
466 2958 525 3000 nee
548 2937 644 3000 sentit
669 2935 850 3000 Samuelem
875 2958 978 3021 nuper
1001 2935 1201 3022 ademptum3

281 3041 336 3107 sio
361 3065 488 3129 quoque
512 3054 545 3106 tu
571 3045 666 3128 mitis,
690 3043 794 3107 bonus
818 3067 861 3128 es,
885 3054 1073 3107 mansuetus
1096 3053 1127 3107 et
1151 3066 1282 3130 aequus.

370 3150 516 3235 Virginis
541 3150 581 3213 ad
605 3151 727 3214 Mariae
752 3151 847 3214 dietis
872 3150 1089 3214 Isdbennius⁶
1114 3173 1197 3234 aeer⁷

281 3256 487 3343 Templorum
512 3257 633 3322 vindex
657 3269 688 3323 et
712 3258 876 3343 religionis
900 3259 1014 3342 avitae,

282 3363 383 3429 Saera
407 3365 495 3428 eanit
517 3365 649 3451 regique
673 3365 749 3429 deos
773 3375 885 3429 exerat
909 3366 1038 3429 amieos.

282 3471 356 3558 Ipse
379 3471 442 3535 Dei
466 3472 507 3534 ad
532 3473 608 3535 trini
632 3472 759 3558 praesul
785 3472 998 3536 Zebridovius
1022 3478 1118 3535 arasl

281 3577 382 3644 Saeua
405 3578 492 3663 lacit,
514 3578 619 3642 bonus
643 3581 773 3665 ingenio
797 3580 972 3667 linguaque
996 3579 1136 3643 disertus

281 3686 323 3749 Et
346 3686 457 3771 magni
480 3697 647 3772 praestans
671 3688 755 3750 iuter
778 3687 925 3751 consulta
949 3697 1087 3751 senatus.

370 3791 498 3857 Interea
522 3793 655 3857 delubra
681 3793 778 3858 deum
802 3794 947 3858 funebris
971 3793 1081 3858 obibat

227 3948 379 3956 -..-...—.-.

283 4026 290 4055 ¹
312 4025 465 4078 Leonardue
484 4023 671 4087 Sleriezewski,
691 4028 830 4094 episeopus
849 4025 1053 4079 t'umeneeeneie
1072 4041 1113 4077 aa
1131 4023 1315 4079 1547-1563.

282 4114 423 4167 'loannes
444 4114 636 4181 Drahojowski,
656 4118 794 4183 episcopan
814 4117 978 4168 Chelmeueie
999 4114 1182 4168 1545-1551.

282 4204 293 4234 ⁸
311 4207 424 4256 loannes
444 4207 601 4268 Dziaduski,
620 4208 759 4272 episeopus
780 4206 973 4257 l'remislieneie
993 4203 1177 4257 1545-1559.

281 4292 431 4346 ‘Andreae
451 4295 608 4346 Noslrowski
629 4296 806 4361 (Norkowelri.
826 4297 917 4358 (lame,
936 4299 991 4347 Ser.
1011 4297 1070 4360 ep),
1097 4295 1238 4361 epiecopus
1257 4295 1315 4345 Ple·

181 4385 260 4434 censis
269 4381 452 4436 1546-15671
466 4387 495 4434 A.
505 4383 573 4436 1545
583 4385 689 4436 Samuel
699 4384 879 4450 Maciejewski
891 4384 1043 4435 l’leeensem
1055 4384 1188 4435 dioecesin
1199 4383 1314 4449 reliquit.

282 4472 292 4500 ⁵
311 4475 472 4526 Benedictus
493 4473 627 4525 ludbir'ishi
647 4475 829 4539 (induistus),
850 4471 1315 4539 epise.Pesnan.aa.1h46—1553.

282 4564 431 4616 “Andreae
450 4564 663 4631 Zebrzydowelri,
691 4572 753 4615 tuuc
781 4565 861 4630 episc.
881 4563 1048 4615 Cuiaviensie
1067 4580 1108 4614 aa.
1130 4560 1315 4614 mle-1551.
