3016 5310
180 452 247 519 294
653 469 731 506 amat
749 469 837 506 noran

286 664 441 730 Discordi
464 664 592 753 populo,
614 664 733 731 vinclis
756 664 943 751 ubicunque
966 662 1092 749 solutis,

206 793 253 839 eo.
336 772 411 839 Non
433 772 526 838 Deus
548 794 635 837 unns
657 773 728 857 erit,
750 792 815 836 non
838 771 899 837 erit
923 793 1009 836 unus
1031 792 1131 837 amor.

287 879 415 947 Cuncta
437 879 550 962 licent3
573 878 654 944 nihil
678 879 837 943 iniustum
859 888 916 963 est,
939 877 1026 965 qnod
1050 877 1191 945 suaserit
1206 875 1323 942 ardor¹

339 987 459 1053 Mentis
482 996 514 1052 et
536 987 682 1072 exagitat
704 985 956 1072 exstimulatque
980 985 1081 1051 furor.

287 1093 440 1161 Grassari
464 1092 550 1159 ferro
573 1093 797 1180 complereque
820 1091 977 1158 caedibus
999 1091 1123 1176 urbem,

340 1200 478 1288 Impune
501 1210 563 1265 est:
586 1199 669 1264 nulli
692 1221 795 1286 poena
818 1199 963 1265 timenda
985 1221 1041 1266 reo
1062 1209 1120 1265 est

207 1328 255 1373 os.
286 1306 360 1372 Non
384 1307 498 1372 urbem
521 1302 614 1371 dicas
636 1305 818 1392 aedanum,
842 1306 899 1372 sed
921 1307 1028 1393 gentis
1052 1305 1184 1395 asylum

341 1413 475 1480 Certum
498 1414 646 1500 opicae13
669 1412 747 1498 illic7
769 1434 833 1500 quo
857 1436 891 1478 se
914 1412 998 1478 ferat
1021 1411 1125 1497 exsul,
1147 1411 1259 1496 habet

288 1520 441 1607 Perfuga,
464 1542 528 1606 quo
551 1517 680 1585 tabulas
703 1530 735 1585 et
759 1520 851 1585 sedes
873 1519 1052 1586 transferat
1074 1529 1105 1584 et
1129 1541 1173 1604 se,

342 1628 388 1692 Ut
412 1627 503 1692 nullo
525 1628 628 1714 possit
650 1628 750 1692 tutior
772 1648 842 1692 esse
864 1625 945 1692 lucc.

289 1734 508 1801 Obtruncavit
530 1733 645 1799 herum
668 1743 868 1820 mortemque
890 1733 1081 1821 parentibus
1104 1743 1199 1797 atrox

208 1863 256 1906 so.
332 1840 468 1925 Obtulit,
492 1840 549 1905 illa
571 1842 669 1905 intret
692 1842 828 1925 moenia,
851 1849 941 1905 tutus
964 1841 1034 1906 erit.

288 1948 465 2012 Terrarum
488 1946 577 2011 labes
601 1958 632 2012 et
655 1949 757 2011 nostri
781 1947 918 2012 infamia
942 1947 1040 2012 saecli

343 2052 406 2118 Illo
429 2052 565 2119 collecta
587 2064 636 2118 est
658 2064 690 2118 et
713 2054 836 2118 sociata
858 2054 939 2119 loco.

288 2160 371 2225 Inde
394 2160 470 2225 licet
494 2159 635 2224 mundus
658 2170 746 2248 petat
769 2162 873 2226 omnis
897 2161 1022 2226 semina
1044 2183 1156 2226 rerum

344 2267 538 2352 Foedarnm‚
562 2269 590 2330 si
613 2290 709 2354 quem
733 2270 841 2355 turpia
864 2268 952 2334 facta
974 2269 1103 2335 iuvant:

208 2396 256 2438 as.
287 2374 426 2438 Auferat
449 2384 486 2438 ut
509 2373 655 2460 multum,
679 2397 744 2440 non
769 2375 882 2441 urbem
905 2375 1084 2460 exhauriet,
1108 2374 1168 2440 illo

344 2480 476 2546 Scilicet
500 2491 548 2545 est
572 2480 650 2546 urbs
674 2491 710 2545 ut
733 2491 853 2546 ennete
875 2481 997 2547 referta
1019 2481 1115 2546 malo.

290 2585 353 2651 Pro
377 2587 508 2651 domino
532 2610 601 2652 sese
625 2588 764 2675 populus
787 2589 957 2674 gentilla,
980 2598 1143 2676 negatque

344 2692 497 2779 Sceptris‚
522 2704 558 2758 ut
579 2694 706 2758 tumida
728 2705 777 2759 est
800 2705 916 2779 mente,
940 2695 1072 2761 subesse
1095 2697 1171 2760 tuis.

289 2799 448 2864 Vindicat
470 2800 642 2886 imperium
664 2801 773 2887 pelagi
796 2801 875 2884 sibi3
901 2801 987 2868 ferre
1009 2824 1068 2889 per
1092 2801 1208 2886 altum,

210 2927 257 2971 ιο.
341 2905 414 2984 Quo
438 2905 595 2993 placitum
618 2917 675 2993 est,
699 2930 832 2993 merces,
856 2910 971 2974 asserit
994 2932 1064 2974 esse
1088 2931 1194 2974 suum.

289 3013 371 3076 Esse
396 3035 491 3077 suum
514 3024 643 3100 portum
666 3037 810 3081 reserare
833 3026 865 3080 et
888 3015 1042 3082 claudere
1064 3026 1197 3103 portum

343 3120 425 3183 Esse
448 3142 544 3184 snum
567 3120 679 3203 iactat3
703 3132 859 3208 pernegat
882 3145 953 3186 esse
976 3124 1101 3187 tuum-⁰⁴.

289 3225 402 3309 Cerne,
425 3226 603 3313 palatinam
626 3266 669 3275 -
693 3228 822 3315 iamque
845 3228 947 3294 altera
969 3230 1109 3295 vertitur
1132 3242 1230 3315 aetas,
1252 3265 1294 3276 ..

346 3332 461 3397 Castro
483 3355 542 3420 pro
565 3334 676 3399 exciso
699 3345 798 3420 ponat
821 3359 863 3399 an
885 3335 942 3400 ille
965 3335 1120 3401 domum?

210 3461 256 3502 rs.
289 3439 479 3526 Horreaque
501 3452 534 3505 et
557 3440 721 3505 stabulum
745 3452 877 3506 centum
900 3442 1039 3508 sublime
1062 3443 1233 3511 columnis.

345 3546 542 3611 Tercentum
565 3547 708 3634 alipedes
731 3571 794 3634 quo
819 3549 1024 3615 stabulentur
1046 3551 1167 3637 cqui?³

291 3651 485 3738 Pauperiem
508 3664 652 3740 excusat,
676 3678 773 3742 seque
797 3655 895 3721 audet
918 3655 1027 3721 dicere
1050 3679 1183 3722 cassum

295 3900 302 3928 ¹
327 3925 350 3943 =
376 3903 448 3952 rudis
469 3910 548 3967 atque
568 3903 694 3954 incultae.

294 3988 304 4017 ²
323 3992 398 4041 Haoo
418 3999 498 4042 cauta
518 4000 594 4042 erant
613 3994 670 4059 regi
695 3994 723 4043 in
749 3995 854 4044 foedera
873 4011 934 4045 cum
953 3995 1082 4046 casimiro
1104 3995 1283 4061 Iagiallonida
1299 4006 1321 4042 a

186 4076 257 4131 1454
276 4080 338 4130 icto.

295 4168 305 4196 ⁸
324 4171 354 4219 Α.
376 4168 446 4222 1414
464 4171 636 4222 <reomenses
655 4171 811 4225 deleverunt
830 4174 982 4225 contraius
1002 4171 1110 4225 domum
1123 4174 1244 4240 episcopi
1255 4175 1321 4226 onia

187 4257 286 4307 niensis
305 4258 462 4309 latericiam.
495 4263 545 4311 Pro
565 4276 597 4310 ea
616 4261 805 4327 obligaverunt
824 4278 851 4312 se
871 4262 976 4313 foedare
1001 4278 1025 4313 a
1046 4260 1118 4317 1454
1142 4263 1178 4314 ad
1197 4264 1320 4329 palatium

184 4347 242 4412 regi
261 4348 419 4398 Polonorum
439 4350 548 4399 stabula
566 4350 713 4415 horreaque
733 4351 899 4402 aedificanda
918 4351 1057 4417 eidemque
1075 4352 1134 4418 regi
1153 4353 1266 4418 eiusque
1283 4367 1323 4405 oo·⁴

186 4435 256 4485 horti
266 4436 368 4487 Gedani
382 4439 556 4488 commoranti
569 4455 617 4503 por
629 4448 755 4503 quattuor
768 4440 824 4490 dies
838 4441 967 4492 alimenta
984 4440 1146 4507 praebenda.
1167 4442 1244 4494 Cous.
1258 4443 1321 4493 iutra

184 4539 268 4577 carm.
289 4524 330 4576 18.
