<?xml version="1.0" encoding="UTF-8"?>
<!DOCTYPE html PUBLIC "-//W3C//DTD XHTML 1.0 Transitional//EN"
    "http://www.w3.org/TR/xhtml1/DTD/xhtml1-transitional.dtd">
<html xmlns="http://www.w3.org/1999/xhtml" xml:lang="en" lang="en">
 <head>
  <title>
</title>
<meta http-equiv="Content-Type" content="text/html;charset=utf-8" />
  <meta name='ocr-system' content='tesseract 3.04.00' />
  <meta name='ocr-capabilities' content='ocr_page ocr_carea ocr_par ocr_line ocrx_word'/>
</head>
<body>
  <div class='ocr_page' id='page_1' title='image "./petriroyziimaur01morogoog_0378.png"; bbox 0 0 3016 5310; ppageno 0'>
   <div class='ocr_carea' id='block_1_1' title="bbox 163 660 1278 4274">
    <p class='ocr_par' dir='ltr' id='par_1_1' title="bbox 163 660 1278 4274">
     <span class='ocr_line' id='line_1_1' title="bbox 246 660 1157 748; baseline 0.001 -23"><span class='ocrx_word' id='word_1_1' title='bbox 246 661 376 748; x_wconf 78' lang='lat' dir='ltr'>Quippe</span> <span class='ocrx_word' id='word_1_2' title='bbox 399 661 587 746; x_wconf 84' lang='lat' dir='ltr'>indignetur</span> <span class='ocrx_word' id='word_1_3' title='bbox 611 660 700 725; x_wconf 90' lang='lat' dir='ltr'>eaelo</span> <span class='ocrx_word' id='word_1_4' title='bbox 723 672 755 725; x_wconf 90' lang='lat' dir='ltr'>et</span> <span class='ocrx_word' id='word_1_5' title='bbox 779 684 866 725; x_wconf 87' lang='lat' dir='ltr'>mare</span> <span class='ocrx_word' id='word_1_6' title='bbox 891 663 1024 726; x_wconf 83' lang='lat' dir='ltr'>mise-eat</span> <span class='ocrx_word' id='word_1_7' title='bbox 1048 663 1157 726; x_wconf 88' lang='lat' dir='ltr'>imum.</span> 
     </span>
     <span class='ocr_line' id='line_1_2' title="bbox 246 766 1035 854; baseline -0.001 -22"><span class='ocrx_word' id='word_1_8' title='bbox 246 767 439 832; x_wconf 81' lang='lat' dir='ltr'>Extremum</span> <span class='ocrx_word' id='word_1_9' title='bbox 463 766 573 854; x_wconf 82' lang='lat' dir='ltr'>cyathi</span> <span class='ocrx_word' id='word_1_10' title='bbox 599 790 662 830; x_wconf 90' lang='lat' dir='ltr'>non</span> <span class='ocrx_word' id='word_1_11' title='bbox 686 768 856 831; x_wconf 84' lang='lat' dir='ltr'>exsuxisse</span> <span class='ocrx_word' id='word_1_12' title='bbox 879 767 1035 853; x_wconf 82' lang='lat' dir='ltr'>liquorem</span> 
     </span>
     <span class='ocr_line' id='line_1_3' title="bbox 165 874 1107 962; baseline -0.001 -22"><span class='ocrx_word' id='word_1_13' title='bbox 165 898 211 940; x_wconf 76' lang='grc' dir='ltr'>ιο.</span> <span class='ocrx_word' id='word_1_14' title='bbox 244 874 347 962; x_wconf 87' lang='lat' dir='ltr'>Saepe</span> <span class='ocrx_word' id='word_1_15' title='bbox 369 876 566 959; x_wconf 80' lang='lat' dir='ltr'>inimicitias,</span> <span class='ocrx_word' id='word_1_16' title='bbox 590 875 665 938; x_wconf 89' lang='lat' dir='ltr'>odia</span> <span class='ocrx_word' id='word_1_17' title='bbox 688 887 719 940; x_wconf 86' lang='lat' dir='ltr'>et</span> <span class='ocrx_word' id='word_1_18' title='bbox 743 897 838 961; x_wconf 85' lang='lat' dir='ltr'>saepe</span> <span class='ocrx_word' id='word_1_19' title='bbox 861 897 975 962; x_wconf 86' lang='lat' dir='ltr'>aspera</span> <span class='ocrx_word' id='word_1_20' title='bbox 999 877 1107 959; x_wconf 86' lang='lat' dir='ltr'>movit,</span> 
     </span>
     <span class='ocr_line' id='line_1_4' title="bbox 246 980 1124 1068; baseline 0.002 -23"><span class='ocrx_word' id='word_1_21' title='bbox 246 981 316 1046; x_wconf 87' lang='lat' dir='ltr'>Neo</span> <span class='ocrx_word' id='word_1_22' title='bbox 340 980 438 1046; x_wconf 88' lang='lat' dir='ltr'>semel</span> <span class='ocrx_word' id='word_1_23' title='bbox 462 983 564 1046; x_wconf 79' lang='lat' dir='ltr'>effuso</span> <span class='ocrx_word' id='word_1_24' title='bbox 587 981 783 1046; x_wconf 83' lang='lat' dir='ltr'>maduerunt</span> <span class='ocrx_word' id='word_1_25' title='bbox 805 982 964 1067; x_wconf 84' lang='lat' dir='ltr'>sanguine</span> <span class='ocrx_word' id='word_1_26' title='bbox 987 1005 1124 1068; x_wconf 82' lang='lat' dir='ltr'>mensae,</span> 
     </span>
     <span class='ocr_line' id='line_1_5' title="bbox 245 1086 1021 1174; baseline 0.001 -22"><span class='ocrx_word' id='word_1_27' title='bbox 245 1086 386 1174; x_wconf 86' lang='lat' dir='ltr'>Altaque</span> <span class='ocrx_word' id='word_1_28' title='bbox 410 1089 581 1153; x_wconf 87' lang='lat' dir='ltr'>eommisso</span> <span class='ocrx_word' id='word_1_29' title='bbox 605 1099 796 1152; x_wconf 81' lang='lat' dir='ltr'>resonarunt</span> <span class='ocrx_word' id='word_1_30' title='bbox 819 1089 901 1152; x_wconf 90' lang='lat' dir='ltr'>atria</span> <span class='ocrx_word' id='word_1_31' title='bbox 925 1088 1021 1153; x_wconf 86' lang='lat' dir='ltr'>ferro.</span> 
     </span>
     <span class='ocr_line' id='line_1_6' title="bbox 246 1194 1181 1278; baseline 0.003 -20"><span class='ocrx_word' id='word_1_32' title='bbox 246 1195 376 1259; x_wconf 82' lang='lat' dir='ltr'>Tertius</span> <span class='ocrx_word' id='word_1_33' title='bbox 398 1195 460 1259; x_wconf 88' lang='lat' dir='ltr'>hoe</span> <span class='ocrx_word' id='word_1_34' title='bbox 484 1194 571 1278; x_wconf 89' lang='lat' dir='ltr'>faeit,</span> <span class='ocrx_word' id='word_1_35' title='bbox 595 1195 656 1260; x_wconf 90' lang='lat' dir='ltr'>hoe</span> <span class='ocrx_word' id='word_1_36' title='bbox 680 1194 798 1260; x_wconf 90' lang='lat' dir='ltr'>dehine</span> <span class='ocrx_word' id='word_1_37' title='bbox 822 1206 929 1260; x_wconf 88' lang='lat' dir='ltr'>eetera</span> <span class='ocrx_word' id='word_1_38' title='bbox 951 1196 1048 1260; x_wconf 89' lang='lat' dir='ltr'>turba</span> <span class='ocrx_word' id='word_1_39' title='bbox 1071 1207 1181 1262; x_wconf 87' lang='lat' dir='ltr'>seeuta</span> 
     </span>
     <span class='ocr_line' id='line_1_7' title="bbox 246 1299 1245 1390; baseline 0.004 -25"><span class='ocrx_word' id='word_1_40' title='bbox 246 1300 286 1365; x_wconf 75' lang='lat' dir='ltr'>In</span> <span class='ocrx_word' id='word_1_41' title='bbox 308 1299 441 1387; x_wconf 84' lang='lat' dir='ltr'>longum</span> <span class='ocrx_word' id='word_1_42' title='bbox 466 1300 565 1365; x_wconf 91' lang='lat' dir='ltr'>trahit</span> <span class='ocrx_word' id='word_1_43' title='bbox 588 1313 684 1386; x_wconf 87' lang='lat' dir='ltr'>atque</span> <span class='ocrx_word' id='word_1_44' title='bbox 707 1301 839 1365; x_wconf 90' lang='lat' dir='ltr'>modum</span> <span class='ocrx_word' id='word_1_45' title='bbox 862 1303 919 1365; x_wconf 88' lang='lat' dir='ltr'>vix</span> <span class='ocrx_word' id='word_1_46' title='bbox 943 1303 1075 1387; x_wconf 79' lang='lat' dir='ltr'>invenit,</span> <span class='ocrx_word' id='word_1_47' title='bbox 1101 1326 1245 1390; x_wconf 88' lang='lat' dir='ltr'>usquam,</span> 
     </span>
     <span class='ocr_line' id='line_1_8' title="bbox 165 1405 1096 1495; baseline 0.001 -23"><span class='ocrx_word' id='word_1_48' title='bbox 165 1430 211 1472; x_wconf 77' lang='lat' dir='ltr'>rs.</span> <span class='ocrx_word' id='word_1_49' title='bbox 242 1407 334 1471; x_wconf 91' lang='lat' dir='ltr'>Dum</span> <span class='ocrx_word' id='word_1_50' title='bbox 357 1405 484 1470; x_wconf 90' lang='lat' dir='ltr'>nullum</span> <span class='ocrx_word' id='word_1_51' title='bbox 506 1408 645 1472; x_wconf 88' lang='lat' dir='ltr'>invitare</span> <span class='ocrx_word' id='word_1_52' title='bbox 668 1407 769 1491; x_wconf 84' lang='lat' dir='ltr'>nefas,</span> <span class='ocrx_word' id='word_1_53' title='bbox 792 1420 966 1495; x_wconf 73' lang='lat' dir='ltr'>poteroque</span> <span class='ocrx_word' id='word_1_54' title='bbox 990 1408 1096 1473; x_wconf 86' lang='lat' dir='ltr'>solum</span> 
     </span>
     <span class='ocr_line' id='line_1_9' title="bbox 246 1513 1110 1599; baseline 0.002 -22"><span class='ocrx_word' id='word_1_55' title='bbox 246 1513 317 1578; x_wconf 88' lang='lat' dir='ltr'>Mos</span> <span class='ocrx_word' id='word_1_56' title='bbox 340 1514 464 1599; x_wconf 87' lang='lat' dir='ltr'>patriae</span> <span class='ocrx_word' id='word_1_57' title='bbox 487 1524 576 1578; x_wconf 87' lang='lat' dir='ltr'>vetat</span> <span class='ocrx_word' id='word_1_58' title='bbox 599 1526 631 1579; x_wconf 89' lang='lat' dir='ltr'>et</span> <span class='ocrx_word' id='word_1_59' title='bbox 654 1513 746 1579; x_wconf 85' lang='lat' dir='ltr'>laetis</span> <span class='ocrx_word' id='word_1_60' title='bbox 770 1514 823 1578; x_wconf 87' lang='lat' dir='ltr'>lex</span> <span class='ocrx_word' id='word_1_61' title='bbox 847 1514 958 1579; x_wconf 86' lang='lat' dir='ltr'>addita</span> <span class='ocrx_word' id='word_1_62' title='bbox 981 1517 1110 1580; x_wconf 83' lang='lat' dir='ltr'>mensis.</span> 
     </span>
     <span class='ocr_line' id='line_1_10' title="bbox 246 1619 1085 1687; baseline 0 -2"><span class='ocrx_word' id='word_1_63' title='bbox 246 1619 322 1686; x_wconf 88' lang='lat' dir='ltr'>Sie¹</span> <span class='ocrx_word' id='word_1_64' title='bbox 348 1620 449 1684; x_wconf 86' lang='lat' dir='ltr'>multo</span> <span class='ocrx_word' id='word_1_65' title='bbox 472 1619 548 1685; x_wconf 86' lang='lat' dir='ltr'>laeti</span> <span class='ocrx_word' id='word_1_66' title='bbox 572 1620 755 1686; x_wconf 79' lang='lat' dir='ltr'>exhilarant</span> <span class='ocrx_word' id='word_1_67' title='bbox 779 1622 929 1686; x_wconf 86' lang='lat' dir='ltr'>convivia</span> <span class='ocrx_word' id='word_1_68' title='bbox 952 1621 1085 1687; x_wconf 81' lang='lat' dir='ltr'>baceho.</span> 
     </span>
     <span class='ocr_line' id='line_1_11' title="bbox 334 1727 1158 1814; baseline 0.002 -23"><span class='ocrx_word' id='word_1_69' title='bbox 334 1727 463 1792; x_wconf 85' lang='lat' dir='ltr'>Interea</span> <span class='ocrx_word' id='word_1_70' title='bbox 486 1729 650 1814; x_wconf 89' lang='lat' dir='ltr'>aoeipiunt</span> <span class='ocrx_word' id='word_1_71' title='bbox 674 1750 845 1792; x_wconf 88' lang='lat' dir='ltr'>numerosa</span> <span class='ocrx_word' id='word_1_72' title='bbox 869 1729 993 1792; x_wconf 89' lang='lat' dir='ltr'>eibaria</span> <span class='ocrx_word' id='word_1_73' title='bbox 1015 1750 1158 1810; x_wconf 76' lang='lat' dir='ltr'>mensae3</span> 
     </span>
     <span class='ocr_line' id='line_1_12' title="bbox 246 1833 1101 1922; baseline -0.002 -22"><span class='ocrx_word' id='word_1_74' title='bbox 246 1833 435 1900; x_wconf 87' lang='lat' dir='ltr'>Sueoedunt</span> <span class='ocrx_word' id='word_1_75' title='bbox 456 1834 560 1921; x_wconf 89' lang='lat' dir='ltr'>epulis</span> <span class='ocrx_word' id='word_1_76' title='bbox 583 1835 706 1921; x_wconf 85' lang='lat' dir='ltr'>epulae,</span> <span class='ocrx_word' id='word_1_77' title='bbox 730 1857 919 1922; x_wconf 80' lang='lat' dir='ltr'>semperque</span> <span class='ocrx_word' id='word_1_78' title='bbox 942 1858 1101 1900; x_wconf 86' lang='lat' dir='ltr'>nevarum</span> 
     </span>
     <span class='ocr_line' id='line_1_13' title="bbox 164 1941 1050 2028; baseline 0.002 -24"><span class='ocrx_word' id='word_1_79' title='bbox 164 1962 211 2004; x_wconf 76' lang='lat' dir='ltr'>aa.</span> <span class='ocrx_word' id='word_1_80' title='bbox 243 1941 410 2028; x_wconf 84' lang='lat' dir='ltr'>Apparent</span> <span class='ocrx_word' id='word_1_81' title='bbox 433 1964 541 2006; x_wconf 92' lang='lat' dir='ltr'>rerum</span> <span class='ocrx_word' id='word_1_82' title='bbox 566 1942 679 2023; x_wconf 68' lang='lat' dir='ltr'>facies,</span> <span class='ocrx_word' id='word_1_83' title='bbox 702 1942 780 2006; x_wconf 86' lang='lat' dir='ltr'>latet</span> <span class='ocrx_word' id='word_1_84' title='bbox 803 1942 914 2007; x_wconf 88' lang='lat' dir='ltr'>abdita</span> <span class='ocrx_word' id='word_1_85' title='bbox 938 1965 1050 2006; x_wconf 86' lang='lat' dir='ltr'>mensa</span> 
     </span>
     <span class='ocr_line' id='line_1_14' title="bbox 245 2046 1150 2136; baseline 0.003 -25"><span class='ocrx_word' id='word_1_86' title='bbox 245 2046 411 2112; x_wconf 83' lang='lat' dir='ltr'>Laneibus</span> <span class='ocrx_word' id='word_1_87' title='bbox 434 2058 466 2112; x_wconf 88' lang='lat' dir='ltr'>et</span> <span class='ocrx_word' id='word_1_88' title='bbox 490 2049 626 2136; x_wconf 78' lang='lat' dir='ltr'>cyathis,</span> <span class='ocrx_word' id='word_1_89' title='bbox 649 2051 749 2135; x_wconf 83' lang='lat' dir='ltr'>gemit</span> <span class='ocrx_word' id='word_1_90' title='bbox 772 2062 803 2114; x_wconf 92' lang='lat' dir='ltr'>et</span> <span class='ocrx_word' id='word_1_91' title='bbox 827 2051 887 2114; x_wconf 90' lang='lat' dir='ltr'>sub</span> <span class='ocrx_word' id='word_1_92' title='bbox 911 2049 1053 2136; x_wconf 88' lang='lat' dir='ltr'>pondere</span> <span class='ocrx_word' id='word_1_93' title='bbox 1077 2060 1150 2114; x_wconf 88' lang='lat' dir='ltr'>tota.</span> 
     </span>
     <span class='ocr_line' id='line_1_15' title="bbox 244 2153 1187 2242; baseline 0.002 -25"><span class='ocrx_word' id='word_1_94' title='bbox 244 2153 420 2240; x_wconf 79' lang='lat' dir='ltr'>Postquam</span> <span class='ocrx_word' id='word_1_95' title='bbox 443 2154 547 2241; x_wconf 89' lang='lat' dir='ltr'>epulis</span> <span class='ocrx_word' id='word_1_96' title='bbox 570 2155 706 2242; x_wconf 86' lang='lat' dir='ltr'>depulsa</span> <span class='ocrx_word' id='word_1_97' title='bbox 730 2156 841 2240; x_wconf 83' lang='lat' dir='ltr'>fames,</span> <span class='ocrx_word' id='word_1_98' title='bbox 864 2158 1031 2242; x_wconf 89' lang='lat' dir='ltr'>omnisque</span> <span class='ocrx_word' id='word_1_99' title='bbox 1055 2156 1187 2221; x_wconf 91' lang='lat' dir='ltr'>bibendi</span> 
     </span>
     <span class='ocr_line' id='line_1_16' title="bbox 245 2259 1109 2350; baseline 0 -24"><span class='ocrx_word' id='word_1_100' title='bbox 245 2259 350 2326; x_wconf 83' lang='lat' dir='ltr'>Cessit</span> <span class='ocrx_word' id='word_1_101' title='bbox 373 2282 471 2345; x_wconf 89' lang='lat' dir='ltr'>amor,</span> <span class='ocrx_word' id='word_1_102' title='bbox 495 2262 623 2350; x_wconf 81' lang='lat' dir='ltr'>cyathis</span> <span class='ocrx_word' id='word_1_103' title='bbox 646 2264 740 2327; x_wconf 88' lang='lat' dir='ltr'>toties</span> <span class='ocrx_word' id='word_1_104' title='bbox 764 2263 953 2350; x_wconf 86' lang='lat' dir='ltr'>aequalibus</span> <span class='ocrx_word' id='word_1_105' title='bbox 976 2263 1109 2347; x_wconf 78' lang='lat' dir='ltr'>haustis,</span> 
     </span>
     <span class='ocr_line' id='line_1_17' title="bbox 244 2366 1120 2456; baseline 0.002 -24"><span class='ocrx_word' id='word_1_106' title='bbox 244 2366 328 2432; x_wconf 79' lang='lat' dir='ltr'>Cum</span> <span class='ocrx_word' id='word_1_107' title='bbox 351 2367 461 2432; x_wconf 93' lang='lat' dir='ltr'>nullus</span> <span class='ocrx_word' id='word_1_108' title='bbox 485 2370 590 2433; x_wconf 87' lang='lat' dir='ltr'>ventri</span> <span class='ocrx_word' id='word_1_109' title='bbox 614 2392 739 2434; x_wconf 87' lang='lat' dir='ltr'>vaeuus</span> <span class='ocrx_word' id='word_1_110' title='bbox 762 2370 861 2453; x_wconf 82' lang='lat' dir='ltr'>loeus,</span> <span class='ocrx_word' id='word_1_111' title='bbox 885 2371 993 2434; x_wconf 90' lang='lat' dir='ltr'>omnia</span> <span class='ocrx_word' id='word_1_112' title='bbox 1017 2370 1120 2456; x_wconf 87' lang='lat' dir='ltr'>plena,</span> 
     </span>
     <span class='ocr_line' id='line_1_18' title="bbox 163 2473 1029 2562; baseline 0 -22"><span class='ocrx_word' id='word_1_113' title='bbox 163 2497 210 2540; x_wconf 77' lang='lat' dir='ltr'>ss.</span> <span class='ocrx_word' id='word_1_114' title='bbox 242 2474 284 2538; x_wconf 88' lang='lat' dir='ltr'>Et</span> <span class='ocrx_word' id='word_1_115' title='bbox 307 2473 405 2560; x_wconf 89' lang='lat' dir='ltr'>longa</span> <span class='ocrx_word' id='word_1_116' title='bbox 428 2497 536 2539; x_wconf 91' lang='lat' dir='ltr'>rerum</span> <span class='ocrx_word' id='word_1_117' title='bbox 561 2477 651 2560; x_wconf 88' lang='lat' dir='ltr'>serie,</span> <span class='ocrx_word' id='word_1_118' title='bbox 675 2475 771 2562; x_wconf 87' lang='lat' dir='ltr'>longo</span> <span class='ocrx_word' id='word_1_119' title='bbox 795 2477 907 2542; x_wconf 92' lang='lat' dir='ltr'>ordine</span> <span class='ocrx_word' id='word_1_120' title='bbox 931 2477 1029 2541; x_wconf 85' lang='lat' dir='ltr'>fessa:</span> 
     </span>
     <span class='ocr_line' id='line_1_19' title="bbox 244 2579 1103 2668; baseline 0.003 -24"><span class='ocrx_word' id='word_1_121' title='bbox 244 2579 338 2660; x_wconf 80' lang='lat' dir='ltr'>Quae</span> <span class='ocrx_word' id='word_1_122' title='bbox 361 2581 562 2646; x_wconf 79' lang='lat' dir='ltr'>stomachum</span> <span class='ocrx_word' id='word_1_123' title='bbox 587 2595 705 2668; x_wconf 85' lang='lat' dir='ltr'>eogant</span> <span class='ocrx_word' id='word_1_124' title='bbox 728 2583 817 2646; x_wconf 92' lang='lat' dir='ltr'>molli</span> <span class='ocrx_word' id='word_1_125' title='bbox 840 2583 982 2648; x_wconf 86' lang='lat' dir='ltr'>labentia</span> <span class='ocrx_word' id='word_1_126' title='bbox 1005 2594 1103 2667; x_wconf 84' lang='lat' dir='ltr'>taeta,</span> 
     </span>
     <span class='ocr_line' id='line_1_20' title="bbox 243 2686 984 2776; baseline 0.004 -25"><span class='ocrx_word' id='word_1_127' title='bbox 243 2686 271 2751; x_wconf 84' lang='lat' dir='ltr'><strong>F</strong></span> <span class='ocrx_word' id='word_1_128' title='bbox 273 2686 384 2752; x_wconf 88' lang='lat' dir='ltr'>ereula</span> <span class='ocrx_word' id='word_1_129' title='bbox 406 2700 580 2774; x_wconf 88' lang='lat' dir='ltr'>ponuntur,</span> <span class='ocrx_word' id='word_1_130' title='bbox 604 2701 697 2774; x_wconf 85' lang='lat' dir='ltr'>grato</span> <span class='ocrx_word' id='word_1_131' title='bbox 720 2702 847 2754; x_wconf 89' lang='lat' dir='ltr'>motura</span> <span class='ocrx_word' id='word_1_132' title='bbox 871 2713 984 2776; x_wconf 89' lang='lat' dir='ltr'>sapore</span> 
     </span>
     <span class='ocr_line' id='line_1_21' title="bbox 243 2793 974 2882; baseline 0.004 -25"><span class='ocrx_word' id='word_1_133' title='bbox 243 2793 405 2877; x_wconf 84' lang='lat' dir='ltr'>Nolentes,</span> <span class='ocrx_word' id='word_1_134' title='bbox 428 2796 559 2880; x_wconf 87' lang='lat' dir='ltr'>vimque</span> <span class='ocrx_word' id='word_1_135' title='bbox 583 2797 684 2859; x_wconf 88' lang='lat' dir='ltr'>invito</span> <span class='ocrx_word' id='word_1_136' title='bbox 709 2797 837 2861; x_wconf 81' lang='lat' dir='ltr'>factura</span> <span class='ocrx_word' id='word_1_137' title='bbox 859 2796 974 2882; x_wconf 86' lang='lat' dir='ltr'>palato.</span> 
     </span>
     <span class='ocr_line' id='line_1_22' title="bbox 334 2900 1276 2990; baseline 0.005 -26"><span class='ocrx_word' id='word_1_138' title='bbox 334 2901 399 2965; x_wconf 89' lang='lat' dir='ltr'>Hie</span> <span class='ocrx_word' id='word_1_139' title='bbox 421 2900 537 2987; x_wconf 85' lang='lat' dir='ltr'>hospes</span> <span class='ocrx_word' id='word_1_140' title='bbox 560 2915 704 2989; x_wconf 88' lang='lat' dir='ltr'>pateram</span> <span class='ocrx_word' id='word_1_141' title='bbox 728 2905 892 2988; x_wconf 86' lang='lat' dir='ltr'>ingentem</span> <span class='ocrx_word' id='word_1_142' title='bbox 916 2905 1080 2990; x_wconf 82' lang='lat' dir='ltr'>signisque</span> <span class='ocrx_word' id='word_1_143' title='bbox 1107 2915 1276 2990; x_wconf 82' lang='lat' dir='ltr'>gravatam</span> 
     </span>
     <span class='ocr_line' id='line_1_23' title="bbox 163 3007 1037 3098; baseline 0.002 -26"><span class='ocrx_word' id='word_1_144' title='bbox 163 3028 209 3072; x_wconf 84' lang='lat' dir='ltr'>aa.</span> <span class='ocrx_word' id='word_1_145' title='bbox 240 3007 383 3094; x_wconf 86' lang='lat' dir='ltr'>Imperat</span> <span class='ocrx_word' id='word_1_146' title='bbox 406 3010 523 3091; x_wconf 85' lang='lat' dir='ltr'>afferri,</span> <span class='ocrx_word' id='word_1_147' title='bbox 547 3008 674 3095; x_wconf 88' lang='lat' dir='ltr'>lateque</span> <span class='ocrx_word' id='word_1_148' title='bbox 697 3009 737 3072; x_wconf 89' lang='lat' dir='ltr'>ad</span> <span class='ocrx_word' id='word_1_149' title='bbox 763 3033 890 3073; x_wconf 89' lang='lat' dir='ltr'>summa</span> <span class='ocrx_word' id='word_1_150' title='bbox 914 3011 1037 3098; x_wconf 89' lang='lat' dir='ltr'>repleri,</span> 
     </span>
     <span class='ocr_line' id='line_1_24' title="bbox 241 3114 1044 3202; baseline 0.002 -23"><span class='ocrx_word' id='word_1_151' title='bbox 241 3114 452 3201; x_wconf 78' lang='lat' dir='ltr'>Aoeeptaque</span> <span class='ocrx_word' id='word_1_152' title='bbox 475 3125 543 3179; x_wconf 88' lang='lat' dir='ltr'>toro</span> <span class='ocrx_word' id='word_1_153' title='bbox 567 3117 680 3202; x_wconf 82' lang='lat' dir='ltr'>surgit,</span> <span class='ocrx_word' id='word_1_154' title='bbox 704 3116 821 3181; x_wconf 89' lang='lat' dir='ltr'>dehine</span> <span class='ocrx_word' id='word_1_155' title='bbox 844 3116 923 3180; x_wconf 89' lang='lat' dir='ltr'>talia</span> <span class='ocrx_word' id='word_1_156' title='bbox 946 3119 1044 3182; x_wconf 85' lang='lat' dir='ltr'>fatur:</span> 
     </span>
     <span class='ocr_line' id='line_1_25' title="bbox 243 3220 1124 3309; baseline 0.003 -24"><span class='ocrx_word' id='word_1_157' title='bbox 243 3220 314 3305; x_wconf 80' lang='lat' dir='ltr'>Eia,</span> <span class='ocrx_word' id='word_1_158' title='bbox 337 3223 432 3308; x_wconf 85' lang='lat' dir='ltr'>agite,</span> <span class='ocrx_word' id='word_1_159' title='bbox 455 3244 474 3285; x_wconf 95' lang='lat' dir='ltr'>o</span> <span class='ocrx_word' id='word_1_160' title='bbox 498 3223 615 3286; x_wconf 89' lang='lat' dir='ltr'>nostris</span> <span class='ocrx_word' id='word_1_161' title='bbox 639 3222 764 3309; x_wconf 88' lang='lat' dir='ltr'>dignati</span> <span class='ocrx_word' id='word_1_162' title='bbox 788 3225 981 3289; x_wconf 87' lang='lat' dir='ltr'>aeeumbere</span> <span class='ocrx_word' id='word_1_163' title='bbox 1006 3226 1124 3290; x_wconf 88' lang='lat' dir='ltr'>mensis</span> 
     </span>
     <span class='ocr_line' id='line_1_26' title="bbox 242 3328 906 3416; baseline 0.003 -24"><span class='ocrx_word' id='word_1_164' title='bbox 242 3328 336 3393; x_wconf 85' lang='lat' dir='ltr'>Laeti</span> <span class='ocrx_word' id='word_1_165' title='bbox 359 3329 524 3412; x_wconf 85' lang='lat' dir='ltr'>eonvivae,</span> <span class='ocrx_word' id='word_1_166' title='bbox 549 3330 575 3392; x_wconf 89' lang='lat' dir='ltr'>si</span> <span class='ocrx_word' id='word_1_167' title='bbox 600 3332 667 3394; x_wconf 88' lang='lat' dir='ltr'>eari</span> <span class='ocrx_word' id='word_1_168' title='bbox 691 3331 797 3416; x_wconf 87' lang='lat' dir='ltr'>gratia</span> <span class='ocrx_word' id='word_1_169' title='bbox 820 3332 906 3416; x_wconf 86' lang='lat' dir='ltr'>regis</span> 
     </span>
     <span class='ocr_line' id='line_1_27' title="bbox 243 3435 991 3524; baseline 0.005 -25"><span class='ocrx_word' id='word_1_170' title='bbox 243 3435 312 3499; x_wconf 90' lang='lat' dir='ltr'>Vos</span> <span class='ocrx_word' id='word_1_171' title='bbox 333 3437 447 3521; x_wconf 82' lang='lat' dir='ltr'>tangit</span> <span class='ocrx_word' id='word_1_172' title='bbox 471 3439 556 3522; x_wconf 85' lang='lat' dir='ltr'>regis</span> <span class='ocrx_word' id='word_1_173' title='bbox 580 3438 673 3502; x_wconf 87' lang='lat' dir='ltr'>vobis</span> <span class='ocrx_word' id='word_1_174' title='bbox 698 3440 724 3501; x_wconf 92' lang='lat' dir='ltr'>si</span> <span class='ocrx_word' id='word_1_175' title='bbox 749 3440 816 3502; x_wconf 87' lang='lat' dir='ltr'>vita</span> <span class='ocrx_word' id='word_1_176' title='bbox 840 3437 991 3524; x_wconf 89' lang='lat' dir='ltr'>salusque</span> 
     </span>
     <span class='ocr_line' id='line_1_28' title="bbox 163 3542 1278 3632; baseline 0.003 -25"><span class='ocrx_word' id='word_1_177' title='bbox 163 3564 208 3607; x_wconf 78' lang='lat' dir='ltr'>aa.</span> <span class='ocrx_word' id='word_1_178' title='bbox 241 3542 339 3606; x_wconf 89' lang='lat' dir='ltr'>Haud</span> <span class='ocrx_word' id='word_1_179' title='bbox 363 3543 500 3628; x_wconf 86' lang='lat' dir='ltr'>ingrata,</span> <span class='ocrx_word' id='word_1_180' title='bbox 533 3544 656 3632; x_wconf 77' lang='lat' dir='ltr'>seypho</span> <span class='ocrx_word' id='word_1_181' title='bbox 680 3556 823 3609; x_wconf 87' lang='lat' dir='ltr'>vestrum</span> <span class='ocrx_word' id='word_1_182' title='bbox 836 3552 856 3629; x_wconf 74' lang='lat'>²,</span> <span class='ocrx_word' id='word_1_183' title='bbox 887 3569 938 3611; x_wconf 89' lang='lat' dir='ltr'>me</span> <span class='ocrx_word' id='word_1_184' title='bbox 960 3547 1096 3631; x_wconf 91' lang='lat' dir='ltr'>quisque</span> <span class='ocrx_word' id='word_1_185' title='bbox 1125 3557 1278 3632; x_wconf 88' lang='lat' dir='ltr'>sequatur</span> 
     </span>
     <span class='ocr_line' id='line_1_29' title="bbox 241 3648 1071 3737; baseline 0.002 -25"><span class='ocrx_word' id='word_1_186' title='bbox 241 3648 389 3736; x_wconf 86' lang='lat' dir='ltr'>Aequali,</span> <span class='ocrx_word' id='word_1_187' title='bbox 412 3661 541 3714; x_wconf 85' lang='lat' dir='ltr'>nostrae</span> <span class='ocrx_word' id='word_1_188' title='bbox 565 3651 708 3737; x_wconf 87' lang='lat' dir='ltr'>aequalis</span> <span class='ocrx_word' id='word_1_189' title='bbox 732 3653 758 3714; x_wconf 89' lang='lat' dir='ltr'>si</span> <span class='ocrx_word' id='word_1_190' title='bbox 783 3664 890 3716; x_wconf 85' lang='lat' dir='ltr'>vestra</span> <span class='ocrx_word' id='word_1_191' title='bbox 913 3651 1071 3716; x_wconf 87' lang='lat' dir='ltr'>voluntas.</span> 
     </span>
     <span class='ocr_line' id='line_1_30' title="bbox 243 3755 1060 3843; baseline 0.004 -24"><span class='ocrx_word' id='word_1_192' title='bbox 243 3755 335 3821; x_wconf 88' lang='lat' dir='ltr'>Haeo</span> <span class='ocrx_word' id='word_1_193' title='bbox 358 3757 446 3820; x_wconf 81' lang='lat' dir='ltr'>fatus</span> <span class='ocrx_word' id='word_1_194' title='bbox 469 3757 584 3821; x_wconf 88' lang='lat' dir='ltr'>dextra</span> <span class='ocrx_word' id='word_1_195' title='bbox 606 3759 750 3843; x_wconf 85' lang='lat' dir='ltr'>graviter</span> <span class='ocrx_word' id='word_1_196' title='bbox 774 3772 900 3822; x_wconf 79' lang='lat' dir='ltr'>cratera</span> <span class='ocrx_word' id='word_1_197' title='bbox 922 3758 1060 3823; x_wconf 86' lang='lat' dir='ltr'>revolvit</span> 
     </span>
     <span class='ocr_line' id='line_1_31' title="bbox 241 3862 1096 3950; baseline 0.005 -25"><span class='ocrx_word' id='word_1_198' title='bbox 241 3862 420 3948; x_wconf 85' lang='lat' dir='ltr'>Ingentem,</span> <span class='ocrx_word' id='word_1_199' title='bbox 444 3865 635 3950; x_wconf 90' lang='lat' dir='ltr'>penitusque</span> <span class='ocrx_word' id='word_1_200' title='bbox 657 3866 790 3929; x_wconf 87' lang='lat' dir='ltr'>intentis</span> <span class='ocrx_word' id='word_1_201' title='bbox 814 3865 963 3929; x_wconf 88' lang='lat' dir='ltr'>omnibus</span> <span class='ocrx_word' id='word_1_202' title='bbox 987 3865 1096 3929; x_wconf 90' lang='lat' dir='ltr'>haurit</span> 
     </span>
     <span class='ocr_line' id='line_1_32' title="bbox 240 3969 1215 4059; baseline 0.004 -27"><span class='ocrx_word' id='word_1_203' title='bbox 240 3969 294 4033; x_wconf 83' lang='lat' dir='ltr'>Ad</span> <span class='ocrx_word' id='word_1_204' title='bbox 320 3970 466 4056; x_wconf 83' lang='lat' dir='ltr'>fundum,</span> <span class='ocrx_word' id='word_1_205' title='bbox 490 3982 522 4035; x_wconf 93' lang='lat' dir='ltr'>et</span> <span class='ocrx_word' id='word_1_206' title='bbox 546 3995 585 4036; x_wconf 91' lang='lat' dir='ltr'>ne</span> <span class='ocrx_word' id='word_1_207' title='bbox 609 3972 688 4059; x_wconf 89' lang='lat' dir='ltr'>quid</span> <span class='ocrx_word' id='word_1_208' title='bbox 712 3972 822 4056; x_wconf 82' lang='lat' dir='ltr'>funde,</span> <span class='ocrx_word' id='word_1_209' title='bbox 847 3985 949 4056; x_wconf 71' lang='lat' dir='ltr'>oravet,</span> <span class='ocrx_word' id='word_1_210' title='bbox 974 3985 1058 4038; x_wconf 90' lang='lat' dir='ltr'>erret</span> <span class='ocrx_word' id='word_1_211' title='bbox 1084 3975 1117 4036; x_wconf 93' lang='lat' dir='ltr'>in</span> <span class='ocrx_word' id='word_1_212' title='bbox 1143 3974 1215 4037; x_wconf 92' lang='lat' dir='ltr'>imo.</span> 
     </span>
     <span class='ocr_line' id='line_1_33' title="bbox 163 4075 1070 4163; baseline 0.006 -23"><span class='ocrx_word' id='word_1_213' title='bbox 163 4099 206 4142; x_wconf 81' lang='lat' dir='ltr'>ro.</span> <span class='ocrx_word' id='word_1_214' title='bbox 238 4075 349 4162; x_wconf 85' lang='lat' dir='ltr'>Gutta,</span> <span class='ocrx_word' id='word_1_215' title='bbox 372 4078 464 4141; x_wconf 85' lang='lat' dir='ltr'>nefas</span> <span class='ocrx_word' id='word_1_216' title='bbox 488 4080 616 4163; x_wconf 85' lang='lat' dir='ltr'>etenim,</span> <span class='ocrx_word' id='word_1_217' title='bbox 641 4081 666 4142; x_wconf 86' lang='lat' dir='ltr'>si</span> <span class='ocrx_word' id='word_1_218' title='bbox 692 4080 794 4143; x_wconf 80' lang='lat' dir='ltr'>fundo</span> <span class='ocrx_word' id='word_1_219' title='bbox 819 4092 916 4145; x_wconf 86' lang='lat' dir='ltr'>restet</span> <span class='ocrx_word' id='word_1_220' title='bbox 939 4082 972 4144; x_wconf 91' lang='lat' dir='ltr'>in</span> <span class='ocrx_word' id='word_1_221' title='bbox 998 4083 1070 4145; x_wconf 87' lang='lat' dir='ltr'>ime.</span> 
     </span>
     <span class='ocr_line' id='line_1_34' title="bbox 242 4182 1031 4274; baseline 0.006 -26"><span class='ocrx_word' id='word_1_222' title='bbox 242 4182 348 4248; x_wconf 80' lang='lat' dir='ltr'>Tanta</span> <span class='ocrx_word' id='word_1_223' title='bbox 370 4196 419 4248; x_wconf 89' lang='lat' dir='ltr'>est</span> <span class='ocrx_word' id='word_1_224' title='bbox 441 4185 555 4271; x_wconf 84' lang='lat' dir='ltr'>religio</span> <span class='ocrx_word' id='word_1_225' title='bbox 579 4187 618 4251; x_wconf 85' lang='lat' dir='ltr'>oh</span> <span class='ocrx_word' id='word_1_226' title='bbox 643 4187 730 4271; x_wconf 87' lang='lat' dir='ltr'>regis</span> <span class='ocrx_word' id='word_1_227' title='bbox 754 4199 863 4274; x_wconf 85' lang='lat' dir='ltr'>potare</span> <span class='ocrx_word' id='word_1_228' title='bbox 887 4188 1031 4253; x_wconf 84' lang='lat' dir='ltr'>sulutem.</span> 
     </span>
    </p>
   </div>
   <div class='ocr_carea' id='block_1_2' title="bbox 163 4329 340 4336">
    <p class='ocr_par' dir='ltr' id='par_1_2' title="bbox 163 4329 340 4336">
     <span class='ocr_line' id='line_1_35' title="bbox 163 4329 340 4336; baseline -0.006 0"><span class='ocrx_word' id='word_1_229' title='bbox 163 4329 294 4336; x_wconf 71' lang='lat'>-—-—-—-=—-</span> <span class='ocrx_word' id='word_1_230' title='bbox 307 4331 340 4335; x_wconf 74' lang='lat'>..—</span> 
     </span>
    </p>
   </div>
   <div class='ocr_carea' id='block_1_3' title="bbox 242 4433 704 4587">
    <p class='ocr_par' dir='ltr' id='par_1_3' title="bbox 242 4433 704 4587">
     <span class='ocr_line' id='line_1_36' title="bbox 245 4433 704 4497; baseline -0.002 -12"><span class='ocrx_word' id='word_1_231' title='bbox 245 4433 250 4461; x_wconf 88' lang='lat'>¹</span> <span class='ocrx_word' id='word_1_232' title='bbox 272 4436 328 4485; x_wconf 87' lang='lat' dir='ltr'>eod.</span> <span class='ocrx_word' id='word_1_233' title='bbox 349 4452 423 4485; x_wconf 78' lang='lat' dir='ltr'>narr.</span> <span class='ocrx_word' id='word_1_234' title='bbox 446 4436 527 4497; x_wconf 73' lang='lat' dir='ltr'>,sie*.</span> <span class='ocrx_word' id='word_1_235' title='bbox 547 4453 618 4486; x_wconf 85' lang='lat' dir='ltr'>corn.</span> <span class='ocrx_word' id='word_1_236' title='bbox 641 4437 704 4496; x_wconf 51' lang='lat' dir='ltr'>„sin</span> 
     </span>
     <span class='ocr_line' id='line_1_37' title="bbox 242 4523 522 4587; baseline 0.007 -13"><span class='ocrx_word' id='word_1_237' title='bbox 242 4523 341 4575; x_wconf 73' lang='lat' dir='ltr'>’math</span> <span class='ocrx_word' id='word_1_238' title='bbox 363 4536 522 4587; x_wconf 76' lang='lat' dir='ltr'>,nostrum·.</span> 
     </span>
    </p>
   </div>
   <div class='ocr_carea' id='block_1_4' title="bbox 0 0 1512 5310">
    <p class='ocr_par' dir='ltr' id='par_1_4' title="bbox 0 0 1512 5310">
     <span class='ocr_line' id='line_1_38' title="bbox 0 0 1512 5310; baseline 0 0"><span class='ocrx_word' id='word_1_239' title='bbox 0 0 1512 5310; x_wconf 95' lang='lat' dir='ltr'> </span> 
     </span>
    </p>
   </div>
  </div>
 </body>
</html>
