3016 5310
685 440 841 477 ΡΒΔΒΡΔΤΙΟ.

872 513 1328 521 ——---——--——-—--—-—

187 636 353 721 Ovidium,
376 637 432 722 qui
457 637 572 723 (Epist.
595 659 637 700 ex
656 637 759 700 Ponto
775 636 833 720 IV,
860 637 914 719 12)
938 636 1091 701 Tuticani
1114 659 1233 702 nomen
1258 639 1330 702 reti·

187 766 261 809 cero
284 743 467 828 maluisset,
499 766 595 829 quam
629 753 685 807 aut
708 753 811 808 metro
834 754 891 807 aut
914 764 975 807 usu
999 744 1076 808 trito
1099 745 1242 816 sermoni
1266 746 1331 810 vim

186 851 318 916 inferre.
341 851 405 918 Sed
429 852 458 914 si
480 851 515 914 in
539 874 577 916 ea
601 873 637 915 re
660 851 780 914 nimiae
804 849 962 916 audaciae
977 860 1150 916 accusetur
1166 851 1332 939 Hispanus

187 969 290 1045 poeta,
313 968 418 1045 potest
441 956 604 1044 appellare
628 959 736 1044 ipsum
756 956 898 1022 Ennium
915 968 1090 1042 auctorem,
1113 959 1169 1045 qui
1186 957 1333 1023 similitor

192 1065 300 1150 „de—
310 1088 411 1129 me—
424 1064 615 1149 horitatur“,
631 1086 729 1149 ,saxo
742 1085 866 1129 cere-
877 1065 1117 1130 comminuit-
1127 1066 1258 1151 brum“,
1273 1065 1333 1130 alia

188 1171 286 1236 huius
310 1171 397 1237 modi
414 1172 589 1258 scripserit.
612 1171 699 1234 Enni
717 1170 901 1255 fragmenta
916 1193 981 1234 non
998 1172 1109 1258 ignota
1125 1169 1230 1237 fuisse
1245 1172 1332 1262 Roy-

187 1280 237 1343 zio
261 1279 337 1343 iude
360 1280 465 1343 conici
490 1288 601 1365 potest,
633 1277 719 1363 quod
743 1277 910 1343 Andream
933 1279 1107 1343 Patricium
1133 1280 1167 1343 in
1191 1278 1330 1365 quodam

186 1387 274 1451 Enni
299 1385 483 1472 fragmento
514 1384 599 1472 apud
623 1384 812 1450 Ciceronem
845 1397 974 1450 servato
1004 1385 1208 1451 emendando
1240 1385 1332 1451 adiu-

186 1516 281 1557 vasse
304 1492 456 1573 traditur3
489 1503 633 1557 ceterum
665 1491 753 1555 locos
785 1490 909 1558 similes
932 1491 1077 1581 Royzius
1096 1493 1202 1579 potuit
1223 1492 1331 1580 legere

186 1602 221 1664 in
244 1599 352 1686 legum
377 1601 448 1665 XII
474 1598 660 1665 tabularum
684 1599 876 1683 fragmentis
900 1610 932 1663 et
956 1598 1042 1686 apud
1066 1599 1269 1665 Lucretium.

292 1707 355 1774 Sed
380 1708 479 1772 etiam
504 1709 538 1770 in
562 1705 635 1770 aliis
660 1707 810 1794 syntaxis
834 1707 982 1792 partibus
1004 1704 1180 1793 aliquando
1196 1705 1330 1772 liberius

186 1836 221 1879 se
245 1815 345 1899 gessit
368 1814 522 1902 Royzius.
545 1814 667 1880 Catone
692 1815 814 1878 maiore
829 1823 861 1878 et
877 1813 985 1879 Plinio
1001 1814 1126 1879 uiinore
1141 1813 1330 1878 auctoribus

185 1921 329 2007 scripsit:
356 1921 510 2006 ,consulo
527 1920 611 1984 ferre
627 1920 761 2006 padem“
782 1943 851 2006 pro:
870 1920 1019 2006 ,suadeq
1037 1932 1072 1985 ut
1088 1921 1175 1986 feras
1191 1920 1327 2009 pedem“

186 2029 243 2113 (ΙΙ,
268 2030 340 2112 113,
364 2029 408 2112 ΙΙ,
433 2030 496 2111 10),
520 2027 593 2091 aliis
618 2027 697 2092 locis
722 2029 823 2092 utitur
846 2039 1012 2092 structura
1031 2027 1330 2114 ,iubeoindulgeu-

186 2135 285 2200 1111111α
314 2135 454 2220 ,suadeo
479 2134 700 2220 surgendum“
725 2135 764 2219 (Ι,
780 2138 832 2219 56,
849 2137 927 2218 3463
953 2137 1040 2219 342),
1063 2137 1211 2200 imitatur
1227 2136 1330 2221 scrip-

186 2254 271 2307 tores
295 2242 544 2326 ecclesiasticos,
571 2264 645 2306 cum
672 2252 803 2327 ,potare
824 2241 985 2328 aliquem“
1011 2243 1067 2326 (ΙΙ,
1084 2243 1158 2326 386,
1174 2243 1205 2326 6,
1221 2243 1256 2323 2)
1272 2265 1329 2329 pro

188 2350 336 2436 ,potione
353 2349 520 2413 recreare“
542 2362 687 2435 usurpat3
711 2349 799 2413 idem
815 2349 942 2414 scribit:
961 2372 1101 2435 ,quaeso
1116 2351 1216 2414 affore
1234 2350 1327 2414 11163ιι

185 2456 224 2540 (Ι,
248 2457 321 2540 278,
347 2457 376 2540 8,
399 2458 443 2540 4),
468 2456 613 2542 sequitur
637 2455 837 2541 singularem
861 2456 1056 2523 locutionem
1072 2455 1179 2520 Taciti
1195 2455 1329 2523 iubendi

186 2562 323 2627 verbum
348 2585 422 2627 cum
447 2563 559 2626 dativo
584 2562 764 2648 copulantis
788 2564 844 2646 (ΙΙ,
867 2565 943 2642 418,
967 2563 1026 2647 VI,
1052 2567 1092 2648 1),
1115 2574 1250 2629 auctore
1273 2563 1329 2630 se

184 2691 268 2735 neca
291 2668 481 2756 philosopho
505 2671 801 2756 posterioribusque
825 2671 1039 2757 scriptoribus
1062 2669 1195 2734 adhibet
1216 2671 1330 2756 ,incu-

184 2776 263 2840 bare
286 2774 404 2840 alicui“
441 2775 556 2840 eadem
581 2778 710 2840 notione
733 2790 828 2863 atque
855 2778 997 2862 ,instare
1021 2776 1139 2841 alicui“
1173 2776 1329 2861 (11,295,

184 2883 247 2966 ΙΙΙ,
270 2885 312 2964 4),Ι
344 2883 512 2968 coniungit
541 2881 582 2945 ad
606 2884 739 2949 Catonis
762 2883 894 2948 maioris
919 2906 1065 2947 normam
1093 2883 1226 2969 ,11111111α
1254 2904 1329 2948 curu

184 2991 371 3054 accusativo
395 2989 510 3053 eadem
533 2991 574 3053 vi'
592 3000 687 3075 atque
713 3013 842 3076 ,propa
865 2990 926 3053 ad“
954 2991 1010 3074 (Π,
1027 2991 1101 3075 387,
1124 2991 1187 3072 18).
1210 2989 1330 3055 Insoli-

183 3099 226 3160 tis
249 3097 422 3160 structuris
439 3095 688 3160 adnumeranda
703 3109 751 3161 est
767 3098 866 3161 etiam
882 3098 1056 3162 verborum
1077 3096 1184 3183 ,haud
1200 3097 1326 3184 patior“

181 3225 257 3267 cum
282 3203 349 3267 solo
373 3205 583 3268 coniunctivo
608 3203 769 3289 copulatio
793 3205 830 3287 (Ι,
852 3206 925 3288 169,
941 3206 1020 3285 244;
1046 3207 1119 3288 171,
1135 3205 1222 3287 294).
1246 3204 1329 3284 Qui-

182 3309 244 3374 bus
268 3310 314 3373 ita
337 3311 534 3397 comparatis
559 3311 617 3374 vix
641 3311 815 3375 offenderis
839 3312 873 3374 in
890 3312 1079 3397 pronomine
1095 3310 1234 3376 subiecti
1251 3332 1329 3376 con-

181 3417 370 3481 structionis
394 3419 574 3482 accusativi
600 3439 675 3483 cum
698 3417 859 3482 infinitivo
875 3417 936 3482 hac
952 3416 1027 3481 illac
1043 3419 1163 3482 omisso
1179 3417 1237 3502 (ΙΙ,
1253 3419 1328 3503 312,

182 3523 276 3608 XVI,
301 3526 333 3605 53
359 3526 433 3606 298,
459 3527 488 3608 7,
513 3526 555 3589 12
579 3531 636 3610 sq.)
661 3524 712 3588 vel
737 3526 771 3588 in
794 3525 974 3590 indicativo
997 3525 1261 3610 interrogationis
1277 3527 1328 3589 iu·

182 3629 324 3696 directae
349 3632 404 3715 (II,
429 3633 503 3715 221,
528 3632 586 3715 IV,
610 3635 643 3713 4;
668 3634 720 3716 23,
745 3632 875 3716 XVIII,
899 3634 933 3713 ὃς
956 3633 1022 3695 222
1045 3655 1101 3718 sq,
1124 3632 1186 3717 IX,
1206 3634 1227 3696 2
1244 3644 1276 3698 et
1292 3636 1326 3714 43

181 3737 207 3820 Ι,
232 3738 305 3822 137,
331 3740 393 3820 10),
418 3737 470 3801 vel
496 3740 529 3801 in
553 3739 625 3824 ipsa
648 3738 811 3803 obiectiva
834 3739 993 3802 sententia
1016 3737 1178 3824 particula
1196 3740 1323 3826 „quod“

180 3865 257 3908 cum
282 3844 392 3908 verbis
417 3845 548 3909 dicendi
574 3845 763 3931 solandique
787 3846 961 3910 coniuncta
984 3845 1040 3930 (ΙΙ,
1063 3846 1138 3930 229,
1155 3844 1327 3929 ΧΧΧΙΠ,

183 3953 236 4032 14,
268 3953 342 4034 237,
375 3952 470 4035 LIX,
497 3955 590 4016 1-4.
630 3952 724 4018 (lanf.
748 3952 886 4016 Martial.
910 3953 977 4036 XI,
1001 3954 1057 4037 64,
1081 3953 1124 4036 2),
1154 3966 1326 4038 emergunt

179 4059 266 4122 eninr
289 4057 373 4123 haec
397 4061 498 4123 variis
522 4059 720 4145 temporibus
754 4060 875 4146 passim
906 4082 964 4144 per
995 4058 1142 4123 diversas
1174 4061 1327 4146 antiquae

179 4162 349 4229 latinitatis
374 4167 511 4252 species,
543 4188 603 4230 neo
628 4178 702 4229 sunt
734 4167 775 4230 ab
799 4166 869 4251 ipso
893 4166 1093 4251 antiquitatis
1125 4165 1326 4231 imitatorum

179 4270 360 4360 Royaiique
383 4271 566 4359 aequalium
591 4274 664 4336 stilo
688 4271 805 4337 aliena.
828 4273 940 4337 Unum
963 4283 1075 4356 tamen,
1094 4269 1244 4336 hocloco
1260 4295 1326 4337 non

180 4400 312 4466 possum
337 4380 455 4465 facere,
478 4381 557 4466 quin
582 4391 702 4444 notem:
725 4379 888 4469 Royzium
913 4379 963 4444 bis
987 4401 1006 4442 a
1030 4379 1106 4443 trita
1130 4377 1326 4467 vulgarique

181 4496 360 4574 temporum
385 4489 623 4552 consecutionis
646 4510 761 4552 norma
784 4489 818 4551 in
842 4487 1018 4551 enuntiatis
1040 4485 1194 4551 finalibus
1217 4509 1325 4555 rocca-
