3016 5310
557 475 712 508 rasni-arm.
1121 458 1209 507 XXXI

63 679 137 735 tum
199 668 344 756 Royzius
390 666 549 752 singulari
597 666 776 732 celebravit
822 667 976 751 carmine,
1034 666 1212 732 Oracoviae

62 797 179 840 mense
201 786 341 859 augusto
374 775 460 839 1553
491 774 580 861 typis
615 795 744 837 excuso.
777 774 815 836 A.
851 774 937 837 1555
960 774 995 836 in
1018 773 1211 837 Farncsium

64 881 286 964 cardinalem,
322 880 409 967 qnod
452 880 537 944 Iulio
572 880 634 963 111,
677 880 828 966 pontifice
863 881 1016 963 maximo,
1058 880 1212 944 defuneto

61 1012 122 1075 pro
145 989 173 1053 F
175 986 438 1073 rancogallorum
463 988 609 1074 partibus
633 987 771 1050 Romam
801 989 901 1050 armis
933 996 1124 1072 occupasset
1154 1008 1211 1073 pa-

59 1118 170 1183 paque
192 1095 262 1159 fieri
288 1094 396 1177 vellet,
420 1095 664 1180 epigrammatis
692 1095 840 1158 invectus
872 1104 921 1157 est
952 1095 1007 1176 (ΙΙ,
1039 1096 1128 1176 295),
1158 1115 1211 1157 eo-

59 1201 203 1288 demque
226 1224 312 1265 auno
336 1200 501 1286 aliquanto
516 1211 589 1286 post
606 1199 741 1264 Paulum
759 1200 816 1283 IV,
839 1202 1024 1287 pontificem
1041 1222 1209 1264 romanum

58 1308 214 1392 electum,
245 1309 339 1394 quasi
363 1307 542 1390 crudelem,
572 1308 674 1393 patris
696 1306 853 1372 ecclesiae
877 1309 1006 1371 nomine
1029 1307 1211 1391 indignum,

58 1417 206 1481 caesaris
230 1427 327 1500 atquc
352 1415 585 1500 Hispaniarum
610 1415 696 1500 regis
727 1414 850 1479 hostem
883 1415 1129 1500 Tuscorumque
1159 1435 1210 1477 so-

59 1525 160 1605 cium,
186 1521 389 1586 carminibus
420 1522 559 1606 arripuit
589 1521 646 1604 (II,
675 1522 872 1599 tte-291).
913 1524 1004 1602 Quas
1027 1521 1211 1584 invectivas

62 1652 104 1693 nc
132 1630 175 1693 ab
208 1630 317 1692 animo
348 1629 474 1714 Royzii,
505 1627 663 1692 ecclesiae
694 1650 847 1692 romanae
881 1628 1007 1692 dei-oto,
1039 1627 1213 1691 abhorrere

60 1746 167 1823 putes¹
192 1736 310 1799 studiis
338 1758 416 1820 erga
448 1735 641 1820 Hispaniam
673 1736 810 1821 patriam
844 1757 1072 1819 caesaremque
1102 1735 1210 1798 excita

59 1865 134 1908 esse
159 1844 277 1927 cogita.
301 1841 397 1905 Adde
419 1841 505 1927 quod
534 1853 603 1904 tum
636 1843 741 1927 ipsum
774 1843 808 1904 in
840 1841 974 1905 Polonia
999 1840 1136 1904 Paulum
1161 1840 1211 1903 IV

59 1951 167 2014 sacris
184 1951 283 2014 robus
299 1964 494 2034 anteponere
511 1948 644 2013 divitias
660 1972 800 2034 opesque
817 1971 957 2035 praeque
973 1949 1020 2011 eis
1037 1969 1210 2033 assequen-

59 2057 114 2120 dis
138 2078 180 2120 ne
205 2057 357 2141 sanguini
380 2055 512 2139 quidem
537 2054 703 2119 hominum
736 2078 870 2141 parcere
901 2055 989 2119 fama
1016 2053 1210 2119 invaluerat.

59 2165 217 2230 Ceterum
241 2163 387 2226 carmina
410 2161 468 2225 illa
491 2162 634 2249 Royzius
658 2185 761 2248 neque
784 2165 872 2250 typis
896 2162 1072 2248 evulgavit
1096 2183 1209 2246 neque,

58 2271 188 2356 opinor,
220 2268 417 2355 publicanda
449 2270 589 2354 scripsit7
625 2269 783 2354 siquidem
816 2270 929 2334 eodem
964 2270 1033 2333 fere
1066 2279 1210 2354 tempore

58 2388 92 2442 et
116 2378 220 2441 Diras
244 2377 278 2440 in
302 2376 463 2462 pontilicis
480 2377 614 2439 maximi
631 2377 763 2460 eiusque
792 2378 968 2440 maiestatis
992 2377 1099 2440 hostes
1123 2397 1210 2439 com-

59 2485 210 2570 posuisse
235 2482 366 2547 videtur
389 2482 426 2565 (1,
458 2484 523 2548 263
559 2487 646 2568 sqq),
677 2494 708 2547 et
740 2485 885 2548 carmina
919 2485 1026 2546 animo
1058 2504 1212 2546 romanae

56 2591 174 2655 curiae
197 2589 316 2653 devoto
340 2589 381 2653 ad
398 2591 554 2654 Ioannem
571 2591 822 2656 Domauovium.
840 2614 867 2653 a.
887 2593 972 2655 1556
993 2587 1207 2676 episcopalem

58 2697 261 2782 Samogitiae
284 2696 395 2760 sedem
419 2697 665 2781 ingredientem,
689 2699 868 2784 composuit
892 2699 947 2781 (ss,
972 2699 1014 2761 84
1031 2701 1118 2782 sqq).
1134 2706 1166 2760 et
1182 2719 1210 2760 a.

63 2807 150 2870 1557
177 2805 366 2890 Lipomanq
384 2804 477 2867 Pauli
494 2805 543 2868 IV
559 2803 600 2867 ad
618 2827 669 2868 res
685 2804 842 2868 ecelesiae
859 2827 1009 2868 romanae
1026 2815 1139 2868 eontra
1153 2826 1213 2868 no·

61 2923 193 2975 ratores
218 2913 253 2973 in
277 2910 411 2974 Polouia
434 2910 573 2975 tuendas
596 2910 711 2995 legato⁷
735 2912 880 2976 dicatum
911 2935 1023 2999 poema
1047 2910 1212 2976 chiliasti-

60 3017 147 3082 chon
172 3018 210 3100 (I.
236 3020 300 3082 159
325 3021 413 3104 sqq),
437 3018 558 3103 inquo
589 3018 630 3082 dc
662 3018 762 3083 Paulo
794 3019 843 3083 IV
869 3018 1045 3082 honorifice
1068 3018 1212 3103 loquitur

60 3123 287 3210 ecclesiaeque
328 3146 482 3188 romanae
517 3126 687 3189 victoriam
720 3126 805 3189 inter
836 3126 972 3190 Polonos
1003 3125 1211 3207 vaticinatur,

60 3231 245 3296 Oracoviae
269 3231 303 3293 in
326 3230 433 3294 lucem
457 3231 573 3295 emisit.

171 3338 292 3400 Pocma
307 3335 542 3402 Chiliastichon
558 3338 758 3403 convertisse
774 3338 905 3402 videtur
917 3341 949 3401 in
962 3340 1122 3426 Royzimn
1135 3360 1212 3402 ocu-

62 3443 111 3507 los
134 3443 281 3507 omnium
307 3442 465 3508 ecclesiae
488 3466 642 3508 romanae
665 3446 845 3509 amicorum
869 3458 901 3510 et
925 3457 1211 3532 propugnatorum.

64 3551 179 3636 Itaque
202 3562 272 3613 tum
304 3552 447 3615 maxime
479 3574 553 3615 eum
585 3555 802 3637 praepositum
834 3553 1024 3617 krotensem
1058 3564 1088 3616 et
1119 3553 1211 3616 brevi

65 3668 136 3742 post
159 3658 354 3721 canonicum
381 3659 587 3722 vornieusem
611 3660 681 3723 sive
704 3659 945 3724 mednicensem
971 3670 1116 3724 creatum
1140 3682 1211 3723 esse

63 3764 222 3849 auspicor,
246 3763 340 3826 curia
362 3786 441 3827 vero
465 3786 598 3828 romana
622 3766 739 3829 studiis
767 3769 836 3830 eius
868 3766 1019 3831 fidelibus
1050 3776 1211 3829 commota

68 3868 170 3933 titulis
202 3871 413 3956 protonotarii
446 3871 612 3957 apostolici
649 3875 840 3959 comitisque
877 3873 1011 3965 palatini
1046 3896 1119 3937 eum
1155 3895 1212 3936 ex-

68 3977 206 4040 ornavit

173 4083 268 4147 Inter
287 4082 346 4146 has
364 4105 535 4171 prosperas
553 4085 701 4149 fortunae
718 4087 808 4150 vices
826 4085 962 4150 Nicolao
979 4085 1215 4170 Trebuchovio,

69 4188 246 4254 castellano
278 4191 453 4274 gnesnensi
484 4190 693 4278 cubiculique
724 4193 806 4276 regii
837 4194 1011 4279 praefecto,
1043 4194 1148 4257 Bresti
1181 4195 1213 4256 in

71 4294 222 4360 Lituania
245 4318 274 4360 a.
300 4297 386 4361 1558
410 4309 550 4361 exeunte
574 4308 629 4362 aut
655 4302 740 4363 1559
765 4300 897 4365 ineunte
924 4302 1053 4389 nuptias
1070 4302 1213 4363 maximo

70 4402 175 4487 regiae
202 4397 347 4467 familiae
378 4425 612 4491 procerumque
643 4417 736 4471 coetu
768 4405 945 4471 celebranti
969 4406 1213 4494 epithalamium

69 4507 210 4595 amplum
234 4511 428 4595 conscripsit
452 4512 489 4594 (Ι,
514 4512 557 4576 80
581 4517 668 4597 sqq).
694 4512 793 4576 Paulo
818 4525 888 4598 post
911 4528 1033 4578 aestate
1064 4537 1092 4577 a.
1126 4515 1211 4578 1559
