3016 5310
531 469 742 507 carnusricnoa.
1146 450 1209 519 lfi‘l

428 541 464 559 :-
628 553 737 558 ---——
763 552 860 558 ——
871 552 922 557 --
941 541 984 557 —‘
996 541 1101 557 .——'--—

171 664 301 752 Ecquid
325 665 413 731 enim
435 686 592 750 magnum
614 673 663 728 est
685 685 805 748 magna
835 662 877 728 de
908 663 1006 749 stirpe
1029 663 1211 750 profectum

67 794 135 836 soa.
171 772 262 855 Esse,
284 781 360 836 tuae
382 772 446 835 nisi
471 770 551 854 quid
574 769 681 834 laudis
706 769 884 835 maioribus
907 769 1032 835 addas?

260 877 433 943 Volscius¹
458 877 536 942 hinc
559 878 673 961 iustus,
697 876 808 941 sollers
832 877 1044 963 Vargarius2
1066 876 1142 941 inde

170 985 212 1049 Et
237 983 489 1069 Starosrebius⁸‚
513 1006 609 1071 quem
632 982 727 1048 docta
749 983 897 1048 Bononia
923 982 1034 1047 multis

172 1090 309 1155 Artibus
332 1090 484 1176 excoluit,
506 1091 630 1177 patriae
653 1113 717 1153 non
742 1089 856 1154 ultima
879 1091 986 1175 gentis

170 1197 269 1281 Laus,
292 1197 387 1263 latios
409 1196 498 1262 hand
522 1197 665 1261 desertos
688 1197 851 1282 patientur
874 1196 1020 1262 honores.

65 1327 131 1369 210.
258 1304 302 1369 Et
324 1326 391 1387 vos,
414 1304 594 1387 Drevieii⁴‚
622 1302 711 1367 haud
736 1325 851 1388 segnes
875 1301 916 1366 ad
939 1303 1061 1390 templa
1083 1303 1207 1367 tuenda

165 1411 343 1497 Praecipiti
366 1420 533 1497 properate
556 1410 661 1496 gradu
684 1421 716 1475 et
740 1410 920 1476 succurrite
945 1411 1056 1475 sacris.

256 1517 316 1601 Tu,
338 1518 433 1583 Patre
456 1516 632 1601 Porembi‚⁵
654 1516 771 1601 vigiles
794 1539 859 1580 non
883 1514 1003 1581 addere
1027 1538 1122 1581 ouras

167 1622 302 1689 Grande
324 1624 417 1688 nefas
440 1623 541 1688 duces
563 1624 666 1710 pietas
690 1645 946 1710 comprensaque
968 1632 1034 1687 toto

167 1731 304 1795 Pectore
327 1729 440 1817 religio
462 1731 562 1795 tantis
586 1740 617 1795 te
641 1753 811 1795 accurrere
834 1730 932 1794 rebus

63 1859 131 1901 sta.
168 1836 294 1922 (legent
316 1847 349 1902 et
371 1837 517 1924 placidos
541 1836 734 1923 quandoque
757 1836 950 1923 abrumpere
974 1858 1111 1901 somnos.

257 1943 435 2009 Martinam
459 1944 610 2008 historias
633 1954 817 2009 versantem
840 1966 937 2030 saepe
959 1943 1171 2009 Cromerum⁶

165 2048 221 2113 Au
243 2072 396 2136 praesens
420 2050 586 2115 revocabit
609 2073 690 2137 opus
713 2050 814 2114 tutela
837 2060 884 2115 tot
907 2050 984 2116 olim

168 2156 194 2219 F
196 2157 332 2221 irmatae
355 2156 432 2222 fidei
455 2158 589 2222 ostentis
614 2168 645 2222 et
669 2158 828 2242 sanguine
850 2157 985 2222 Divum.

255 2262 433 2331 Gorscius⁷
458 2264 704 2350 Harbortusqne
730 2263 866 2329 valens⁸
889 2262 1168 2351 Ossoliniusque⁹‚

62 2391 130 2433 sao.
167 2370 248 2435 Tres
272 2392 364 2434 aeres
387 2370 540 2455 doctique
563 2372 626 2435 viri
649 2393 822 2456 rerumque
845 2371 949 2456 periti,

165 2476 287 2541 Dicere
311 2477 380 2541 sive
403 2477 502 2562 iuvat,
527 2500 582 2543 seu
607 2479 805 2564 posteritatis
828 2478 863 2540 in
887 2499 981 2542 omne

61 2638 265 2647 ν.-

165 2740 321 2793 ¹Nicolaue
351 2741 454 2793 Woleki
479 2743 549 2795 1559
574 2744 714 2809 episcopus
740 2742 909 2806 chelmeneis,
935 2740 1004 2793 1562
1030 2741 1201 2805 salariensis,

58 2833 125 2884 obiit
143 2849 168 2882 a.
192 2830 271 2882 1576.

164 2917 315 2985 ¹llaphaol
335 2921 513 2985 Wargawaki‚
533 2920 672 2984 adquam,
692 2921 789 2969 aerarii
808 2919 939 2984 praefecti
965 2935 1073 2969 inuuere
1087 2920 1200 2984 fungen-

56 3016 116 3061 tem.
137 3017 227 3059 exstat
245 3009 339 3073 Royzii
358 3025 474 3071 carmen,
494 3009 564 3073 qnod
588 3010 639 3059 vol.
666 3012 693 3059 11
717 3010 787 3058 inter
807 3009 910 3058 minora
930 3024 1083 3072 proponam.
1123 3008 1198 3057 Gens.

57 3098 142 3148 Osaol.
163 3114 206 3163 pg.
228 3096 262 3149 13
278 3121 300 3140 =
318 3099 395 3148 Corn.
417 3096 475 3149 150.

164 3185 355 3238 'adalbertus
380 3187 588 3244 Starosraebslri.
613 3189 658 3253 qul
683 3204 707 3238 a.
730 3186 799 3239 1562
825 3189 964 3253 episeopus
991 3186 1150 3237 chelmensis
1176 3193 1204 3235 et

55 3276 116 3327 inde
135 3277 171 3327 ab
190 3291 215 3326 a.
236 3273 306 3328 1578
325 3276 516 3340 premisliensia
536 3277 595 3326 fuit.

162 3364 289 3416 ‘Clarae
307 3365 369 3416 inde
388 3381 412 3415 a.
433 3381 502 3417 saec.
524 3367 572 3415 XV
591 3367 679 3432 gentis
699 3381 833 3416 armornm
850 3365 953 3416 Cioielr.
985 3365 1060 3415 Cani.
1080 3366 1127 3414 Ks.
1147 3365 1199 3413 Bu·

55 3454 167 3517 hewald,
188 3454 282 3518 Dzieje
302 3456 471 3519 resoruracyi‚
492 3457 503 3504 1
523 3455 640 3507 Krakdw
661 3454 737 3516 1883,
756 3463 802 3505 etr.
824 3454 883 3506 198.

163 3539 364 3607 ‘Praepositae
389 3543 565 3594 oiwieoimen.
593 3545 633 3594 Ad
657 3561 737 3608 quern
764 3551 852 3594 exstat
880 3545 908 3592 in
937 3544 1014 3594 Corn.
1043 3560 1086 3608 pg.
1106 3540 1141 3594 31
1160 3559 1198 3607 eq.

55 3632 147 3696 Royaii
167 3647 286 3693 cannen,
305 3633 374 3696 quod
393 3634 467 3682 infra
485 3634 547 3699 (vol.
568 3635 604 3697 11)
625 3642 792 3698 proponetur.

162 3720 244 3785 “tini
263 3721 366 3771 duobus
385 3723 463 3773 annis
482 3731 545 3773 ante
564 3739 641 3772 suam
661 3723 797 3773 Polonlam
817 3723 931 3787 primum
950 3720 1107 3787 publicavit.

164 3807 173 3838 ⁷
192 3810 356 3861 stanislaum
375 3813 497 3877 Bogorya
510 3811 615 3875 Gorslri,
637 3821 693 3862 tum
707 3812 865 3863 canonicum
884 3811 1090 3872 cracoviensem,
1104 3809 1201 3876 potius,

53 3915 133 3965 quam
153 3899 281 3950 iacobum
301 3901 480 3951 cracoviensis
499 3901 683 3951 universitatis
703 3903 887 3966 professorem,
907 3908 1018 3965 tangere
1037 3898 1150 3950 videtur.

162 3985 173 4012 ⁸
193 3988 350 4040 Valentinus
370 3990 489 4039 Herburt
507 3989 672 4053 (Herbortht
691 3991 736 4054 qui
755 4005 780 4040 a.
796 3987 864 4041 1560
877 3989 1017 4054 episeopus
1035 3988 1200 4052 premialien·

53 4078 88 4126 aie
109 4079 199 4127 factus
218 4079 261 4129 ob.
280 4093 304 4128 a.
326 4075 402 4128 1572.
423 4078 548 4142 Epitheto
568 4078 695 4140 „valens“
716 4080 749 4128 nd
769 4095 864 4129 nornen
884 4080 940 4128 cius
960 4077 1057 4128 alludit
1075 4079 1106 4127 a

161 4166 173 4191 ⁹
191 4169 338 4229 Quemnam
357 4168 445 4232 gentis
465 4168 654 4218 celeberrimae
674 4169 701 4217 in
721 4169 809 4218 animo
822 4169 931 4230 habeat,
950 4184 1002 4218 non
1017 4167 1109 4232 liquet.
1128 4168 1197 4217 Nam

53 4255 244 4306 celeberrimus
262 4254 384 4305 doctrina
404 4264 460 4305 tum
481 4257 606 4321 temporis
626 4256 725 4306 Paulus
738 4254 896 4319 Oeaolir'islri,
916 4256 962 4321 qui
981 4273 1005 4307 a.
1020 4254 1090 4308 1568
1102 4254 1198 4307 amrel-

53 4342 132 4394 lauue
151 4342 331 4406 eandecensis,
351 4360 374 4394 a.
397 4343 465 4396 1569
485 4345 646 4396 voinicensie
666 4346 754 4395 factus
773 4354 822 4408 est,
847 4362 1009 4411 quamquam
1029 4347 1062 4397 ob
1079 4345 1197 4397 modera-

53 4438 109 4484 tum
135 4432 345 4499 prudentemque
369 4434 487 4484 animum
513 4433 647 4498 laudatur,
675 4434 737 4485 fidei
763 4443 852 4486 tamen
876 4435 1050 4501 evangelicae
1074 4433 1198 4485 addictas

53 4520 137 4573 fnisse
158 4521 280 4572 traditur.
