3016 5310
286 669 448 755 Gnesnee,
471 690 555 755 quae
577 678 708 754 septem,
731 689 869 754 magnae
891 665 981 730 velut
1003 664 1132 730 aemula
1153 664 1285 749 Romae,

287 774 408 841 Educit
431 775 529 841 colles
551 783 585 839 et
607 796 677 840 sese
700 773 816 838 attollit
839 774 874 837 in
897 794 1002 837 aures.

285 882 376 947 Inter
399 906 479 969 quos
503 881 607 946 aderit
629 882 749 968 pietate
771 881 909 966 insignis
933 889 964 944 et
988 901 1042 944 ore

286 989 444 1054 Zidovius
466 987 604 1076 praesul,
627 988 772 1074 iurisque
794 988 917 1074 peritus
941 995 972 1050 et
994 985 1090 1071 aequi

244 1145 251 1161 .
286 1096 421 1161 Psarius
443 1105 475 1161 et
497 1097 615 1160 nostris
639 1094 720 1160 alter
742 1093 964 1159 Dambrovius
987 1093 1081 1157 annis

287 1202 399 1266 Iustus
421 1201 595 1284 Aristides,
619 1223 680 1267 nec
703 1224 768 1266 non
792 1200 1001 1267 Crassinius¹
1023 1220 1166 1285 aequans

287 1311 375 1374 Ante
398 1332 500 1374 annos
523 1310 658 1393 senium,
681 1318 747 1393 tua,
770 1309 958 1395 Papiniane,
983 1316 1113 1372 secutus

288 1416 397 1481 Docta
418 1416 531 1481 volens
554 1416 684 1503 placita,
707 1416 851 1480 ausoniis
875 1436 940 1478 non
963 1414 1101 1499 impiger
1123 1412 1196 1476 oris.

288 1522 366 1587 Mox
389 1522 446 1586 alii
469 1534 565 1610 atque
589 1523 654 1608 alii,
678 1522 847 1587 doctorum
871 1532 903 1585 et
926 1519 1026 1585 corda
1048 1519 1194 1584 uirorum

248 1679 255 1693 .
291 1629 419 1714 Inclita,
442 1631 497 1715 qui
521 1629 619 1694 rebus
641 1630 766 1716 possint
789 1649 979 1693 succurrere
1002 1626 1096 1691 sessis

288 1736 477 1823 Prolapsam
500 1746 531 1802 et
554 1736 618 1802 late
640 1736 728 1801 Latii
751 1737 934 1800 instaurare
956 1735 1094 1798 ruinam.

377 1844 421 1908 Et
442 1855 488 1929 tu,
511 1845 712 1930 magnanimi
736 1866 852 1908 nomen
877 1843 989 1907 sortita
1010 1841 1114 1905 leonis

288 1949 393 2028 Quem
417 1950 494 2015 colit
516 1950 606 2036 urbs,
628 1950 771 2036 Ligenna
782 1955 802 2033 ²,
825 1950 927 2014 sacris
950 1948 1107 2035 praefecit
1129 1957 1161 2012 et
1184 1946 1248 2011 aris

288 2056 462 2121 Pontifices
485 2079 592 2143 supra,
615 2079 679 2143 quo
702 2079 766 2120 non
791 2058 965 2142 septentrio
987 2064 1074 2121 totus

247 2212 254 2226 .
289 2160 459 2248 Religione
481 2163 565 2248 tulit,
587 2163 662 2228 tulit
685 2173 740 2227 aut
764 2165 882 2250 pietate
905 2165 1054 2251 priorem,

288 2268 328 2332 In
353 2279 499 2334 sanctam
522 2269 608 2334 hanc
631 2270 782 2357 viresque
805 2271 890 2335 feres
913 2280 945 2335 et
967 2270 1083 2335 robora
1105 2294 1258 2358 pugnam.

378 2376 528 2441 Andreas
551 2375 628 2442 inde
650 2379 675 2441 it
697 2376 943 2462 Zebridoviusss,
967 2376 1088 2442 Albula
1111 2379 1206 2443 cuius

289 2482 424 2568 —N0n,
447 2484 616 2569 Parnasso,
639 2485 686 2548 tui
711 2484 971 2550 fontes-sacra
993 2485 1113 2571 proluit
1136 2508 1200 2571 ora,

290 2589 333 2653 Et
357 2589 456 2655 fando
480 2591 605 2656 clerum
628 2592 706 2656 fecit
728 2592 906 2678 linguaque
929 2592 1095 2657 disertum.

247 2746 255 2761 .
290 2696 464 2762 Pontifices
487 2698 572 2762 inter
594 2721 659 2762 non
681 2698 743 2764 hoc
766 2709 815 2763 est
838 2700 944 2764 acrior
966 2699 1052 2763 ullus
1139 2746 1143 2753 ·

290 2803 507 2889 Sauromatas,
530 2827 624 2870 nemo
648 2827 741 2870 sacra
763 2807 835 2869 iura
858 2806 1016 2870 audacius
1039 2807 1137 2871 armis

291 2909 463 2997 Correptis,
486 2913 584 2977 etiam
606 2935 658 2977 ros
683 2914 710 2976 si
733 2914 844 2999 exigat
868 2935 966 2997 arma,
990 2924 1105 2978 tuetur.

289 3016 398 3082 Irritet
422 3041 641 3106 quoscunque,
665 3019 760 3085 adeat
783 3042 994 3108 quaecunque
1017 3021 1139 3107 pericla

289 3124 353 3188 Pro
376 3123 504 3191 Christo
528 3125 711 3213 Christique
734 3126 807 3210 fide,
830 3125 915 3190 levia
938 3128 1046 3190 omniu
1069 3126 1168 3193 ducit.

248 3282 255 3296 .
291 3230 379 3310 Quin
402 3231 523 3318 gaudet
546 3241 675 3318 patrum
698 3255 755 3319 pro
778 3233 933 3319 religione
957 3233 1122 3312 Quiritum

291 3338 416 3403 Probra
439 3340 516 3426 pati,
539 3339 670 3425 linguas
693 3340 803 3404 ridens
827 3351 858 3405 et
881 3341 988 3426 iurgia
1010 3340 1112 3427 vulgi,

291 3446 424 3511 Assueti
447 3445 555 3510 dirum
578 3446 675 3511 dictis
699 3469 869 3533 aspergere
891 3449 982 3510 virus

290 3551 333 3616 Et
356 3553 502 3638 nimium,
525 3552 598 3638 heu,
621 3554 759 3617 nimium
782 3553 890 3619 verbis
913 3553 1057 3619 lacerare
1080 3554 1231 3620 nefandis

289 3658 522 3748 Presbyterum
545 3683 648 3746 genus
671 3683 774 3746 omne,
798 3671 830 3724 et
853 3660 1008 3747 quiequid
1030 3663 1152 3727 vertice
1174 3685 1247 3728 raso

185 3788 256 3832 res.
293 3765 353 3830 Est
375 3764 553 3852 hominum,
576 3789 691 3853 gazam
715 3768 771 3853 qui
795 3778 1015 3855 contempsere
1037 3777 1207 3835 nocentem

181 3921 390 3929 ——.-----—-

291 4000 299 4030 ¹
320 3996 433 4049 Videtur
452 4013 510 4048 esse
530 3999 700 4059 Franciscus,
720 3999 887 4064 praepositus
906 3999 1049 4064 plocensis,
1070 4015 1095 4052 a.
1115 3997 1185 4051 1566
1204 3999 1327 4052 vicecan-

178 4088 310 4141 cellarius
329 4087 414 4154 regni‚
433 4102 457 4137 a.
479 4085 547 4138 1572
567 4087 764 4138 cracoviensem
784 4089 967 4153 episcopatum
986 4089 1107 4154 adeptus,
1128 4105 1151 4138 a.
1171 4085 1241 4140 1577
1258 4105 1326 4139 mor·

181 4184 251 4229 tuus.
272 4176 398 4227 Ceterum
417 4183 445 4227 et
463 4177 547 4227 frater
566 4176 622 4227 eius
642 4176 801 4241 sturmium,
821 4176 891 4244 rogis
910 4178 1080 4242 secretarius,
1098 4178 1189 4229 eodem
1209 4183 1328 4243 tempore

183 4266 321 4318 inclaruit.

291 4351 397 4405 ²Felix
422 4354 541 4421 Ligenza
566 4354 682 4420 archiep.
709 4354 885 4420 leopolitanus
910 4356 945 4406 ab
965 4369 988 4404 a.
1010 4352 1088 4418 1554,
1108 4355 1160 4406 obi.
1185 4361 1248 4406 ante
1267 4355 1327 4407 Kal.

179 4445 262 4496 Mart
282 4459 307 4494 a.
328 4441 407 4495 1560,

291 4529 303 4560 ⁸
320 4532 468 4598 Episcopus
488 4532 668 4583 cracoviensis
687 4548 728 4585 aa.
751 4531 936 4586 1551-1560.
