3016 5310
819 444 896 485 l'li'l'ssl
916 450 1004 489 uertit

785 523 799 527 -.
814 522 895 528 .———·
1098 516 1465 530 ---.-—--.....-.-..A

998 536 1242 543 ....---—.——
1262 537 1269 541 -
1285 537 1356 541 --—.
1371 536 1376 541 .
1419 535 1464 540 -—

450 652 581 737 Pompu,
605 671 783 736 precesque
805 671 901 712 oran·
925 645 989 712 alto
1012 646 1170 713 fundebat
1192 647 1336 737 Olympo

345 783 414 823 arti.
448 759 521 822 Rex
544 778 756 844 proceresque
779 778 890 820 omnes
914 754 1121 841 lacrimisque
1144 756 1222 821 urbs
1245 766 1314 820 teta
1334 756 1466 844 profusis.

449 864 510 929 Illo
534 862 654 950 templa
677 862 730 926 die
754 863 941 927 cecinerunt
966 861 1071 927 flebile
1095 885 1226 928 carmen

450 971 533 1038 Solis
557 970 599 1034 ad
624 992 775 1034 oceasum
800 969 958 1055 solvitque
982 968 1118 1055 Elegia¹
1143 971 1276 1036 crinem.

540 1078 649 1141 Tertia
671 1076 731 1140 lux
754 1076 850 1140 finem
875 1075 1000 1140 inferiis
1023 1077 1181 1163 iustisque
1204 1076 1323 1143 datura

450 1185 608 1268 Fulserat,
632 1196 663 1248 et
687 1183 777 1247 caelo
802 1193 933 1248 steterat
957 1181 1004 1247 sol
1028 1182 1150 1248 arduus
1174 1183 1248 1249 alte.

347 1315 415 1357 sis.
451 1292 657 1358 Conveniunt
681 1290 722 1354 ad
745 1290 865 1377 templa
889 1313 1008 1375 ornnes,
1032 1291 1234 1378 populusque
1256 1301 1427 1378 patresque

451 1399 586 1485 Resque
611 1397 745 1462 madens
769 1397 926 1479 lacrimis,
949 1395 1014 1462 huc
1037 1398 1127 1484 regia
1150 1398 1290 1463 fluxerat
1313 1400 1425 1464 omnis.

539 1506 640 1572 Sacra
663 1505 741 1569 saeit
766 1504 922 1591 divosque
946 1516 1016 1569 orat
1038 1503 1217 1570 Nicolaus²
1240 1504 1283 1570 ad
1307 1528 1389 1592 aras,

451 1613 594 1697 Gnczna,
618 1624 694 1676 tuus
717 1611 854 1698 praesul,
877 1635 973 1698 quem
997 1613 1146 1676 sarmatis
1170 1634 1226 1677 ora
1249 1613 1440 1700 magistrum

450 1720 643 1806 Supremam
667 1719 792 1805 accepit
814 1719 956 1805 solioque
980 1718 1120 1784 insidere
1145 1719 1239 1784 iussit

346 1851 415 1892 320.
449 1828 623 1891 Pontifices
647 1847 745 1912 supra
768 1825 959 1911 templisque
982 1848 1129 1913 praeesse
1145 1826 1301 1892 Deorum

451 1935 616 1998 Defuncto
639 1933 769 1997 veniam
793 1933 859 2018 regi
885 1955 1061 2020 pacemque
1084 1933 1219 2020 rogabat

452 2041 627 2105 Aeternam
651 2050 683 2104 et
705 2039 795 2104 nulle
818 2040 994 2126 perituram
1017 2051 1160 2128 tempore
1182 2043 1294 2108 vitam

543 2146 656 2232 Surgis
679 2156 724 2230 tu,
749 2145 888 2231 Samuel,
912 2148 995 2211 inter
1015 2170 1117 2232 sacra,
1133 2188 1176 2195 -
1192 2171 1312 2236 magne
1327 2146 1472 2227 sacerdos,

453 2253 568 2320 Gentis
591 2252 693 2318 honor
716 2254 839 2340 patriae
861 2264 892 2317 et
916 2253 1016 2318 decus
1040 2254 1221 2321 immortale
1241 2266 1379 2341 tuorum,

348 2385 418 2427 aar».
453 2362 560 2425 Macte
584 2361 646 2448 pia,
671 2359 810 2444 Samuel,
834 2359 946 2424 divum
970 2363 1098 2448 virtute,
1118 2402 1162 2411 —
1184 2373 1328 2450 toroque,

453 2467 549 2533 Unde
572 2467 688 2532 decere
711 2467 793 2531 soles
817 2467 960 2554 populos,
985 2492 1120 2534 exorsus
1144 2469 1184 2535 ab
1209 2470 1275 2536 alto

452 2576 515 2639 Dis
540 2575 673 2661 dignam
697 2576 782 2660 regis
808 2576 906 2639 vitam
932 2576 1085 2663 caeloque
1106 2583 1294 2645 renarrasz⁸

452 2683 559 2762 Quam
582 2683 655 2768 pius
679 2682 733 2747 ille
757 2682 925 2769 bonusque
949 2685 1023 2767 suit,
1051 2708 1147 2772 quarn
1171 2686 1277 2751 iustus
1301 2696 1333 2751 et
1355 2702 1465 2770 aequus,

453 2790 550 2873 Mitis,
574 2800 771 2874 mansuetus,
796 2813 894 2874 quam
918 2814 982 2855 non
1007 2792 1146 2857 iniurius
1170 2792 1236 2857 ulli.

349 2920 418 2963 sao.
454 2897 561 2976 Quam
584 2896 661 2961 belli
685 2918 800 2961 exesor
823 2897 937 2982 fuerat,
961 2922 1058 2985 quam
1082 2900 1172 2986 pacis
1196 2901 1335 2981 amicus3

453 3004 604 3090 Denique
626 3005 722 3068 vivus
746 3003 854 3069 adhuc
877 3029 993 3093 supero
1017 3029 1113 3092 quam
1138 3006 1258 3094 dignus
1281 3006 1424 3096 Olympo,

455 3112 560 3191 Quem
584 3111 722 3198 pedibus
747 3134 835 3177 nunc
858 3112 962 3177 calcat
986 3137 1096 3199 osane,
1128 3124 1323 3202 aeternaque
1352 3127 1465 3199 carpens

455 3218 585 3284 Gaudia
609 3218 763 3283 caelestes
788 3221 872 3284 inter
895 3230 958 3284 stat
981 3222 1015 3285 in
1039 3243 1113 3287 aree
1136 3221 1295 3288 volueres.

455 3327 544 3390 Luce
568 3328 669 3391 refers
693 3326 757 3412 illa,
781 3328 868 3392 vieto
891 3351 956 3415 qua
978 3328 1127 3395 Christus
1149 3328 1191 3393 ab
1215 3328 1302 3395 Orco

351 3456 419 3498 aas.
455 3432 612 3517 Surrexit,
636 3434 722 3498 vitae
745 3433 935 3500 defunctum
960 3458 1093 3501 munere
1115 3458 1225 3523 regem

456 3540 497 3604 Et
521 3541 670 3605 comitem
694 3541 812 3607 Christi
837 3554 938 3608 terras
962 3542 1094 3630 liquisse
1116 3544 1268 3609 iacentes.

455 3647 537 3712 Inde
561 3649 626 3713 cies
650 3648 810 3734 lacrimas,
836 3672 911 3714 eum
935 3661 1070 3715 mortem
1093 3662 1125 3717 et
1148 3651 1265 3716 funera
1288 3672 1408 3734 narras,

456 3754 628 3818 Laetitiam
652 3754 737 3842 hinc,
762 3757 843 3821 caeli
866 3781 1024 3823 memoras
1049 3781 1123 3823 cum
1147 3758 1270 3846 gaudia
1291 3757 1384 3824 laeta

546 3863 637 3927 Sacri
661 3864 735 3926 finis
759 3875 835 3949 erat,
859 3866 942 3951 patri
966 3877 997 3930 et
1021 3867 1120 3930 missa
1142 3865 1248 3931 hestia
1271 3888 1398 3953 magno.

351 3990 421 4032 ato.
457 3967 522 4033 Hic
546 3970 795 4056 cataphractus⁴
819 3995 916 4059 eques
940 3973 1104 4038 —talem
1128 3973 1298 4039 sollemnia
1320 3993 1430 4060 regum

456 4167 464 4196 ¹
483 4168 559 4219 Gens.
568 4166 644 4218 Ouid.
653 4170 740 4217 Amor.
749 4167 829 4232 lll,9‚
843 4167 869 4232 3,
882 4169 927 4219 ubi
942 4169 1061 4220 nonnulli
1075 4169 1125 4219 viri
1136 4169 1208 4221 docti
1218 4168 1314 4236 legunt
1324 4165 1479 4235 „erogarat

457 4255 467 4284 ²
487 4255 613 4307 Nicolaus
633 4256 839 4323 bzisrzgowski,
862 4273 902 4308 aa.
925 4256 1100 4310 tete-1559
1119 4258 1337 4325 archiepiscopus
1356 4260 1480 4310 unauna

456 4344 467 4374 ⁸
485 4347 579 4397 Oravit
599 4354 654 4396 tum
674 4348 856 4411 llaeiejowski
876 4347 959 4399 latine
979 4354 1034 4399 tam
1053 4348 1160 4413 diserte,
1186 4357 1216 4399 ut
1234 4347 1361 4400 [aerim
1380 4345 1489 4399 audim-

349 4438 416 4489 tium
429 4434 717 4499 exciverithornieki‚
739 4438 839 4501 llaieje‚
858 4437 898 4488 ed.
918 4440 980 4487 Tur.
1001 4455 1042 4503 pg.
1065 4437 1116 4503 tl).

455 4526 464 4555 ⁴
485 4528 555 4578 Edit.
578 4527 808 4595 ,cataphrattus“‚
828 4535 964 4595 utsupra.
