3016 5310
191 414 255 479 182
640 432 717 466 rsrnr
736 432 825 466 sorau

295 624 454 711 Splendor
475 624 641 711 honorque
664 624 750 708 olim,
774 625 927 711 sequitur,
951 626 1095 712 iurisque
1118 626 1242 711 peritus

295 732 523 815 Dembinius1,
547 733 657 817 magni
681 753 756 817 pars
781 754 846 796 non
870 742 1031 818 postrema
1054 741 1196 817 senatus,

295 839 422 904 Doctus
445 840 606 903 amicitias
630 837 735 904 colere
757 849 789 903 et
811 848 869 903 tua
892 862 993 924 sacra,
1018 838 1169 918 Quirine:

190 965 260 1009 teo.
296 944 406 1010 Avelli
430 946 572 1032 antiquis
595 969 659 1010 non
684 968 718 1010 se
740 947 906 1032 patiantur
928 946 969 1010 ab
993 947 1068 1010 aris.

384 1053 505 1139 Ampla
529 1052 643 1117 domus
667 1064 723 1116 tua
745 1053 841 1139 quod,
864 1052 1024 1137 Mieleci²‚
1046 1051 1098 1116 his
1121 1051 1242 1116 nobilis
1258 1053 1339 1137 oris,

295 1159 444 1245 Amplior
468 1170 498 1224 et
522 1159 598 1225 fidei
622 1160 737 1244 studia,
761 1159 819 1224 tibi
844 1158 968 1244 suadet,
992 1160 1025 1223 id
1048 1169 1116 1224 esto

296 1266 338 1329 Et
360 1265 483 1331 Romae
506 1267 660 1332 infestum
685 1267 827 1353 depellas
850 1266 970 1331 finibus
993 1266 1127 1331 hostem.

384 1372 434 1436 Tu
459 1383 499 1459 et,
523 1373 655 1439 Gabriel
679 1373 775 1438 Tarlo
788 1382 807 1458 ³,
831 1373 908 1438 belli
931 1373 1106 1437 simulacra
1129 1373 1217 1437 ciere

190 1499 258 1542 ses.
295 1477 426 1544 Gnarus
449 1491 480 1544 et
503 1481 537 1544 in
560 1480 668 1545 media
690 1480 861 1566 proludere
884 1479 998 1544 doctus
1021 1502 1129 1564 arena,

293 1587 343 1650 Ac
369 1597 504 1651 martem
528 1586 624 1652 dictis
648 1586 826 1651 accendere
848 1597 1016 1673 promptus
1039 1600 1070 1652 et
1092 1585 1201 1667 hasta3

293 1692 512 1779 Albertusque
535 1694 652 1756 animis
676 1716 739 1755 non
764 1692 917 1756 inferiora
941 1704 1081 1778 secutus,

294 1797 410 1863 Clarus
432 1800 630 1885 imaginibus
653 1801 811 1864 maiorum
835 1810 866 1864 et
889 1799 987 1864 laude
1009 1823 1142 1865 suorum

293 1904 546 1989 Cza1·ncovius⁴,
571 1907 727 1992 mitesque
751 1906 858 1971 ferens
883 1907 916 1970 in
939 1916 1069 1993 pectore
1093 1929 1209 1971 sensus

187 2033 258 2074 coo.
294 2012 463 2092 Lozenius,
487 2013 597 2098 quiet
621 2014 778 2077 nraiorum
804 2014 942 2099 vestigia
966 2035 1101 2077 servans

294 2117 335 2183 Se
359 2118 467 2182 stabili
491 2121 621 2205 ingenio
644 2121 760 2206 priscis
785 2120 948 2186 Sieninius
973 2129 1098 2206 aequat,

292 2225 418 2288 Noxius
442 2236 474 2290 et
496 2225 576 2290 nulli
601 2226 821 2310 Comoroviua
846 2237 942 2312 atque
964 2228 1087 2312 peritus

293 2330 465 2397 Sarmatici
488 2333 568 2396 iuris
592 2332 828 2417 Gomoliniusb,
852 2333 959 2419 ampla
983 2343 1141 2420 vetusque

293 2438 335 2501 Et
359 2439 456 2525 stirps
479 2450 510 2504 et
533 2441 636 2526 pietas
660 2441 747 2503 omni
772 2439 993 2505 Samotulius⁰
1015 2462 1108 2505 aevo:

185 2564 256 2607 cos.
292 2545 356 2608 Pro
378 2544 457 2608 latia
480 2557 641 2632 opponent
665 2569 699 2611 sc
723 2546 877 2632 religione
901 2546 1053 2612 volentes.
1108 2572 1110 2576 ’

380 2651 507 2716 Nobilis
531 2663 563 2716 et
585 2664 651 2738 tua,
675 2653 857 2738 Oretcovi⁷‚
882 2654 1049 2717 notissima
1073 2654 1178 2719 virtus

291 2759 399 2843 Atque
422 2759 502 2824 fides
526 2799 569 2806 —
593 2761 750 2846 aequique
774 2760 914 2846 bonique
937 2759 1025 2824 haud
1049 2761 1217 2826 Lanciue⁸
1248 2760 1325 2824 artis

292 2979 301 3009 ¹
320 2981 480 3031 Dembiriski
502 2981 607 3033 Valens.
629 2991 684 3030 tum
704 2981 867 3030 castellanus
887 2981 1066 3043 sandecensis‚
1086 2981 1147 3032 inde
1167 2981 1202 3031 ab
1219 2997 1243 3032 a
1259 2979 1325 3033 1562

184 3068 427 3118 ticet-hesaurarius
447 3070 530 3135 regni,
550 3071 584 3118 ab
604 3085 627 3118 a.
651 3068 718 3121 1564
736 3085 849 3135 nragnus
868 3069 944 3134 regni
963 3070 1149 3120 cancellarius.

291 3155 302 3185 ²
322 3158 433 3208 Videtur
452 3175 509 3208 esse
530 3158 664 3219 Nicolaus,
680 3159 796 3210 Ioannis.
814 3174 892 3222 quom
905 3156 1322 3224 r.5251audavitpoeta,filius,

182 3246 228 3310 qui
248 3255 342 3310 postea
360 3248 496 3311 palatinus
516 3247 641 3297 Podaliac
661 3256 686 3297 et
706 3263 819 3312 magnus
839 3248 893 3297 dux
912 3248 1077 3298 exercituum
1096 3248 1172 3314 regni
1193 3248 1253 3299 fuit.

292 3333 351 3386 ⁸G.
372 3337 462 3395 Tatio,
488 3337 615 3402 magister
641 3337 719 3386 aulae
748 3336 910 3385 Catharinae
939 3337 1056 3402 reginae,
1076 3337 1235 3402 capitaneus
1255 3337 1327 3388 chel-

182 3425 290 3476 mensis.
310 3425 458 3490 (Gdrniclri,
478 3426 630 3490 Dzieje....
650 3444 693 3491 pg.
713 3424 748 3477 ld
768 3427 808 3490 Τ.)

290 3514 299 3542 ⁴
320 3516 508 3566 videturesse
528 3516 652 3565 Albertus
673 3515 871 3575 Czurnlrowski,
898 3515 1010 3573 aulicus,
1036 3523 1063 3565 et
1082 3522 1139 3565 turn
1164 3517 1328 3567 secretarius

181 3604 262 3670 rogis,
281 3604 327 3668 qui
346 3613 440 3669 postca
458 3605 622 3655 castellanus
642 3605 782 3654 steinensis
803 3613 829 3653 et
848 3604 982 3668 generalis
1001 3605 1054 3653 dux
1067 3606 1184 3670 Magnae
1197 3605 1324 3655 Poloniao

182 3695 271 3744 lactus
291 3704 339 3744 est.
371 3694 446 3743 Alter
471 3694 596 3744 elbertus
622 3693 812 3743 Crarnkowski
838 3694 930 3743 eodum
955 3702 1073 3758 ternpore
1099 3693 1259 3758 capitaneus
1283 3709 1327 3744 co·

181 3782 278 3833 stensie
298 3783 358 3832 luit.

291 3869 302 3899 ⁶
320 3873 445 3922 Fortasse
466 3873 607 3921 Florianus
627 3872 717 3921 Sarius
736 3870 913 3929 Gomolitiski,
932 3870 1144 3922 succarnorarius
1160 3871 1327 3935 siradiensis,

181 3962 227 4025 qui
247 3979 316 4012 anno
337 3960 406 4012 1598
425 3960 607 4011 nrarsclralcus
627 3961 792 4010 comitiorum
806 3961 966 4009 Varsoviant
979 3968 1186 4011 convocatorum
1205 3961 1265 4012 tuit.
1285 3963 1325 4012 Do

183 4051 362 4102 Sieniniorum
380 4058 459 4115 gente
480 4052 549 4100 conl.
570 4052 616 4100 Ks.
637 4049 789 4113 Bulmmki,
810 4051 880 4100 Hist.
901 4051 949 4099 ref.
968 4051 990 4111 1,
1009 4066 1053 4115 pg.
1073 4047 1125 4101 252
1144 4064 1204 4116 sqq.

289 4137 300 4164 '¹
321 4139 482 4189 Venceslaus
509 4139 719 4199 sarriatuliensia
749 4139 837 4189 clarus
863 4155 893 4188 co
921 4149 1037 4203 tompore
1063 4139 1181 4189 musicus
1206 4139 1324 4205 iurisque

184 4229 365 4294 professoria
385 4229 523 4279 academia
542 4230 707 4280 cracoviensi
727 4229 767 4295 (2³).
1011 4214 1013 4218 ¹

292 4315 299 4343 ²
319 4319 394 4367 Cous.
414 4334 439 4367 r.
459 4318 519 4370 570.

196 4464 199 4471 Ι
249 4446 251 4451 .
289 4406 299 4434 ’³
320 4408 443 4456 Fortasse
463 4408 580 4457 Matlrias
593 4409 687 4472 Laeni,
708 4409 852 4458 canonicus
866 4408 1054 4458 cracoviensis.
1067 4414 1155 4457 rector
1168 4408 1323 4459 academiae

178 4512 294 4559 cracov„
315 4497 361 4561 qui
380 4497 437 4560 ipso
457 4512 480 4548 a.
502 4495 571 4547 1557
590 4505 709 4545 mortuus
729 4505 776 4546 eat.
