3016 5310
648 442 819 477 nssrtscrru.

163 509 331 518 ———
356 510 644 517 ——--——.
664 512 728 518 .—.
758 512 865 519 ——
889 514 895 518 .

716 742 743 793 k.

510 883 559 937 Aa
579 882 710 939 Pulonus
728 884 834 939 eadem
853 884 890 940 de
909 901 951 940 re.

715 1027 740 1091 I.

264 1149 417 1215 Dantisei
440 1152 590 1238 Augusto
613 1151 762 1239 regnabit
785 1174 862 1239 rege
886 1154 1038 1218 senatus?

318 1257 445 1322 Nobilis
468 1257 530 1323 hoe
554 1260 688 1345 sanguis
712 1259 803 1345 serre,
827 1258 956 1345 Poloue,
978 1260 1091 1346 pates?

264 1362 408 1429 Taedeet
429 1364 492 1430 hoe
514 1388 626 1452 passos
650 1365 732 1431 eaeli
755 1389 904 1432 convexa
926 1368 1010 1431 tueri

317 1470 437 1556 Iustus,
461 1473 489 1536 si
512 1473 620 1557 sentis,
643 1473 758 1538 induat
781 1496 872 1537 arma
895 1474 994 1538 dolor.

204 1598 231 1642 a.
262 1577 359 1643 Ferte
382 1580 447 1664 citi,
471 1580 552 1644 ferte
576 1602 666 1644 arma
688 1581 760 1666 viri,
783 1582 818 1646 vi
841 1580 1006 1645 excindite
1028 1592 1170 1667 gentem3

319 1685 411 1750 Stare
435 1685 495 1750 sub
519 1687 653 1773 imperio
677 1710 742 1752 non
765 1687 908 1754 voluere:
933 1686 1060 1753 cadant.

706 1879 750 1945 II.

262 2002 318 2088 Iis,
342 2004 398 2090 qui
420 2002 580 2070 Dantiseu
602 2004 783 2092 indulgent,
806 2027 848 2070 ne
871 2003 1097 2091 indulgeatis,
1121 2006 1175 2070 eui

316 2111 459 2197 Augusti
482 2121 531 2175 est
554 2111 644 2176 cordi
667 2112 782 2199 iusque
805 2111 969 2198 deeusque
992 2113 1051 2176 sui.

262 2218 396 2303 Legatis
418 2218 506 2305 regis
528 2219 585 2304 qui
609 2217 719 2283 elaudi
742 2219 869 2283 moenia
891 2219 995 2305 iussit,

315 2323 378 2389 Ille
402 2334 491 2389 rotae
514 2325 549 2389 in
573 2325 682 2389 radios
707 2325 785 2390 fune
808 2325 929 2413 ligatus
952 2335 1013 2390 eat.

203 2451 230 2496 a.
261 2431 305 2496 Et
328 2431 384 2496 det
407 2433 553 2497 earnifiei
576 2431 727 2520 iugulum
750 2455 808 2520 pro
832 2434 969 2499 ariadne
992 2442 1090 2519 tantu,

315 2540 359 2603 Et
382 2561 442 2604 sua
466 2539 612 2605 membra
635 2541 721 2605 truci
745 2539 956 2606 dilaceranda
978 2563 1087 2607 manu.

260 2646 370 2732 thue
392 2669 516 2711 memor
539 2656 678 2712 ventura
702 2646 779 2711 olim
803 2649 885 2712 seiat
907 2648 971 2712 ist-a
993 2657 1147 2732 vetustas,

314 2754 455 2820 Carmen
478 2753 594 2818 defixis
617 2753 680 2819 hoe
704 2754 885 2841 superadde
908 2756 1000 2823 rotis:

264 2861 394 2946 „Ausus
418 2861 535 2948 legatis
559 2861 687 2926 clausas
711 2884 872 2948 opponere
894 2873 1003 2949 partas

180 2988 227 3032 ιο.
313 2967 386 3033 Hae
408 2969 481 3054 fine,
504 2967 567 3034 hoe
591 2968 677 3054 fune,
700 2968 762 3033 hoe
786 2968 900 3032 funere
923 2968 1042 3055 dignus
1066 2971 1165 3034 erat‘.

695 3182 757 3246 III.

261 3305 354 3385 Quae
376 3307 574 3373 Dantiseani
597 3317 645 3372 est
668 3331 759 3372 mens
783 3318 850 3371 tam
873 3307 995 3371 furiata
1017 3308 1170 3371 senatus?

314 3413 369 3478 Ad
392 3437 427 3480 se
449 3414 573 3502 legatos
597 3416 684 3501 regis
707 3415 799 3479 adire
822 3424 919 3500 vetat,

260 3519 415 3586 Oeeludit
438 3531 547 3608 portas
570 3522 733 3609 durasque
756 3521 926 3585 admittere
949 3521 984 3584 in
1007 3541 1110 3603 auree,

314 3627 447 3714 Legatis
471 3629 587 3715 spretis
610 3629 701 3715 regia
724 3629 814 3692 iussa
837 3637 943 3713 negat.

200 3756 227 3800 a.
257 3733 321 3798 Pro
346 3732 499 3822 obsequio
523 3735 640 3800 attollit
663 3736 780 3800 aristas
801 3756 924 3822 proque
947 3732 1081 3798 auribus
1105 3754 1207 3797 arma:

313 3840 490 3929 Umbones,
513 3841 631 3930 galeas,
655 3841 790 3929 spionia,
813 3840 878 3905 tela
900 3850 1002 3927 parat.

260 3948 301 4012 In
325 3948 453 4015 eaelum
475 3951 591 4015 erectis
615 3950 727 4037 digitis
750 3948 841 4037 plebs
865 3949 955 4013 iussa
977 3945 1104 4012 duobus

315 4055 408 4122 Stare
430 4066 562 4144 petrum
584 4056 713 4144 placitis
737 4056 945 4142 arbitriisque
965 4063 1066 4120 cavet.

259 4162 363 4228 Nocte
387 4163 469 4251 vigil
493 4162 595 4228 eelsos
620 4174 727 4229 servat
751 4162 898 4228 custodia
922 4183 1040 4246 muros,

178 4293 226 4338 ιο.
310 4269 429 4335 Omnia
453 4269 642 4357 formidans,
665 4271 774 4335 omnia
797 4279 892 4335 noete
915 4291 1045 4357 pavens.

257 4376 350 4445 Luee
373 4374 491 4441 dehine
514 4386 586 4441 orta
609 4386 726 4464 servat,
749 4376 836 4464 quod
860 4377 977 4463 auique
999 4373 1155 4440 tuendum
1179 4382 1236 4460 est,

311 4483 407 4549 Miles
431 4482 558 4570 fertque
583 4504 659 4550 suas
681 4483 717 4549 in
740 4483 879 4549 statione
900 4483 1000 4551 vices.

260 4599 366 4640 cumina
379 4600 405 4637 'l'-
421 4599 441 4641 l.
1154 4587 1188 4640 19
