3016 5310
472 531 593 566 ruvucrro
612 531 639 565 ut
657 531 812 566 mansorius
831 532 965 573 oussuuu.
1224 514 1291 580 259

680 602 706 608 '⁶
731 602 737 607 '
797 603 803 608 ¹
838 602 1289 621 .-.'—.-—..—-———-—‚

256 725 432 812 Supremas
455 724 537 790 haee
559 726 644 790 inter
666 734 773 806 erunt3
796 723 878 791 bueo
900 735 1030 813 propter
1052 725 1094 790 ab
1118 747 1172 790 ore

309 832 463 922 Prompts
485 831 601 919 hospes
624 831 765 898 retrahet
786 831 904 919 poeula
927 854 1022 919 saepe
1044 832 1176 897 manu“.

255 937 371 1003 Audiit
392 937 606 1026 Omnipotens
629 949 660 1004 et
683 939 768 1004 votis
791 939 906 1004 annuit
928 938 1026 1004 ultro:

309 1045 463 1117 Protinus
485 1067 527 1111 eu
551 1046 649 1133 ospiti
672 1046 890 1112 innotatione
912 1055 968 1111 tuo
991 1055 1047 1110 est

166 1176 222 1217 es.
255 1151 382 1216 Extulit
406 1163 443 1231 ut
464 1152 595 1219 fortuna
618 1152 685 1218 solo
709 1152 851 1239 solioque
873 1152 994 1219 loeovit

310 1258 420 1345 Teque
443 1259 535 1335 nuxit
557 1258 669 1324 multis
691 1258 812 1345 largior
833 1259 986 1345 imperiis,
1010 1296 1054 1306 -

257 1365 361 1432 Gessit
385 1365 556 1439 nomiliam
578 1376 673 1435 vetus
696 1375 729 1431 et
750 1365 909 1453 promissa
929 1364 1075 1431 tulerunt

310 1472 407 1537 Irrita
428 1473 622 1560 praeeipites
646 1471 757 1537 subter
778 1473 875 1537 inune
898 1472 974 1536 noti.

255 1579 349 1645 Mens
372 1579 437 1644 alia
458 1589 516 1664 est,
539 1602 638 1666 quam
660 1601 764 1666 nuper
786 1589 867 1661 erst3
889 1578 1020 1644 diverse
1042 1578 1221 1666 probantur

168 1712 222 1751 so.
306 1686 461 1769 Consilia3
485 1686 574 1763 haud
597 1686 719 1772 eadem,
741 1708 825 1773 quae
847 1686 943 1750 modo
966 1684 1063 1771 diota,
1086 1685 1224 1773 plueent.

256 1792 431 1879 Indulgere
454 1794 559 1879 magis
582 1793 678 1879 genio
701 1802 732 1858 te
755 1803 787 1858 et
809 1791 1048 1879 Sardanapalos

310 1900 431 1965 Vivere
453 1922 552 1986 quam
575 1900 694 1965 Paulos
718 1899 923 1964 Hilariosve¹
945 1899 1045 1964 iuvet.

257 2006 427 2093 Ingentem
449 2016 577 2081 oratura
599 2029 698 2070 manu
721 2006 897 2093 plenosque
919 2006 1075 2070 trientes²

309 2113 499 2180 sustentare
521 2113 592 2179 leve
615 2123 672 2199 est,
694 2112 797 2178 biblia
820 2134 913 2178 suoru
935 2134 1045 2198 grave.

168 2241 223 2284 es.
254 2220 330 2285 Una
352 2219 528 2308 voluptatis
549 2241 630 2285 eura
652 2230 713 2285 est:
738 2221 859 2304 Venus,
883 2220 962 2304 aleo7
985 2227 1111 2284 venter:

186 2354 190 2361 ’
308 2325 405 2412 (lura,
428 2326 487 2391 has
512 2328 539 2397 si
562 2327 671 2392 demut
693 2329 766 2413 quis
788 2327 857 2411 tibi,
880 2325 1051 2390 nullatus
1071 2334 1130 2390 est.

255 2433 353 2499 Plebs
378 2433 525 2521 negleeta
547 2433 632 2498 iuuet
653 2435 798 2520 periture
821 2432 971 2520 fameque
993 2432 1119 2519 sitique,

309 2540 356 2606 Te
378 2550 410 2605 et
431 2541 579 2627 queritur
602 2540 715 2605 faoiles
739 2540 786 2604 sie
808 2539 962 2604 habuisse
984 2539 1081 2605 Deos.

256 2646 355 2712 Nulla
379 2647 591 2732 secerdotum,
614 2646 807 2734 templorum
830 2646 920 2711 nulla
942 2667 1111 2712 saeuorum

172 2778 222 2819 so.
306 2753 393 2820 Oura
415 2754 476 2819 tibi
500 2765 556 2839 est,
580 2754 690 2818 nullus
712 2753 878 2840 religionis
901 2775 999 2817 amor.

257 2860 340 2928 (lum
364 2861 481 2947 pietate
504 2861 564 2929 tibi
587 2860 668 2925 nihil
691 2871 748 2945 est,
771 2861 817 2925 nil
841 2860 976 2923 numine
998 2880 1104 2942 ouras,

311 2968 366 3032 Nil
389 2966 549 3050 homines3
573 2990 675 3031 unum
698 2968 811 3053 fasque
835 2966 990 3051 nefasque
1011 2974 1116 3050 putas.

256 3073 359 3140 Nemo
384 3097 502 3159 saeros,
526 3073 667 3143 reddunt
688 3073 748 3138 tibi
768 3096 848 3159 quos
864 3071 987 3157 utana,
1011 3093 1128 3136 census

311 3181 469 3267 Attingat,
492 3180 637 3245 desimus
660 3201 754 3245 nemo
776 3189 914 3265 negetve
936 3188 1018 3262 tuas

173 3310 222 3352 rs.
254 3287 377 3353 Turbet
401 3309 495 3352 saera
517 3288 602 3371 lieet,
625 3287 794 3372 Divosque
816 3286 966 3351 exturbet
989 3284 1120 3374 olympo

311 3396 355 3459 Et
377 3405 473 3481 neget
498 3396 532 3459 in
555 3394 645 3458 eaelo
669 3395 695 3457 si
719 3392 806 3458 volet
828 3415 899 3458 esse
921 3392 1018 3457 Deos.

258 3501 313 3566 Nil
337 3525 388 3567 res
412 3502 469 3566 ills
492 3513 548 3567 tua
571 3502 677 3586 refert,
701 3500 747 3564 nil
770 3501 849 3565 talin
871 3509 1009 3584 tangunt

311 3609 370 3689 Te3
395 3609 479 3674 salvi
503 3631 620 3674 oensus
643 3609 716 3693 sint,
740 3607 948 3693 deoimseque
970 3616 1054 3669 tuae.

258 3716 391 3783 Soilioet
420 3727 564 3782 extremo
596 3737 750 3798 emersos,
774 3753 818 3761 —-
841 3714 891 3777 ias
916 3712 1056 3795 eredere,
1080 3748 1124 3756 —
1150 3708 1191 3773 ab
1216 3708 1292 3773 orbe

172 3846 220 3888 uo.
307 3820 372 3900 Qui
395 3823 529 3909 populos
553 3822 698 3906 dooeunt,
721 3820 934 3906 erudiuntque
956 3818 1050 3883 tuos?

257 3928 429 3993 Promissis
451 3929 570 4016 quibus
594 3928 777 3994 aethereum
802 3949 968 4013 speramus
990 3925 1168 4013 olympum,

308 4036 455 4100 laetatae
478 4046 509 4101 et
531 4058 614 4122 quse
638 4036 680 4099 sit
703 4057 823 4100 aneora
845 4033 1021 4116 fideretis,

255 4141 349 4222 Quae
372 4140 465 4206 eaelo
489 4143 544 4208 via
567 4141 737 4226 stelligom,
760 4163 843 4227 quae
866 4139 969 4227 gloria
992 4139 1126 4222 Divum,

259 4320 268 4350 ¹
287 4323 464 4373 Innotuorunt
483 4323 620 4386 imprimis:
641 4323 710 4371 Stus.
726 4321 854 4383 Hilarius,
874 4321 1013 4385 episeopus
1024 4318 1182 4369 arelatensis
1195 4315 1292 4379 (lii)—

163 4410 220 4477 49),
242 4412 371 4474 Hilarius,
391 4413 512 4476 pontifex
531 4428 655 4461 romanus
675 4409 837 4475 (llil—468)
856 4416 882 4460 ot
901 4410 1030 4471 Hilarius,
1051 4409 1190 4473 episeopus
1208 4407 1292 4471 picta·

163 4501 250 4550 'irrisis
270 4498 441 4567 (tto-366),
461 4503 603 4551 severitate
623 4501 760 4566 regiminis
780 4507 806 4548 et
825 4515 927 4548 morum
946 4498 1109 4563 integritate.

256 4587 363 4654 'Pron
382 4590 431 4654 111,
452 4589 494 4654 10,
513 4589 548 4642 29
568 4591 646 4640 Mart.
667 4591 712 4652 VI,
731 4587 774 4653 86,
795 4587 809 4640 1
828 4590 862 4652 X,
880 4586 924 4651 49,
944 4586 958 4639 1
978 4586 1090 4652 (tusus).

1138 4672 1187 4724 17*
