3016 5310
285 426 349 490 118
760 440 838 474 sarar
857 439 944 474 nourr

822 512 828 516 .
842 506 1425 517 0—————--—--.—.——-——

1062 521 1112 528 —.
1132 521 1179 527 —.
1210 518 1425 526 ———-

832 1296 881 1358 12.

721 1486 990 1577 NENIA.

784 1651 814 1699 ln
835 1650 927 1700 funere

560 1754 837 1822 saniunnrs
868 1753 1154 1837 nnoaiovrr,

370 1883 595 1932 Cracbviensium
613 1883 736 1946 episcopi
755 1891 837 1945 atque
857 1882 959 1931 summi
978 1882 1006 1929 in
1025 1881 1140 1930 Polonia
1159 1881 1316 1930 cancellarii
1328 1877 1345 1932 ¹.

832 2130 877 2180 Ad

548 2234 836 2302 STANISLAUM
858 2235 1164 2317 unuuovlu'nt,

446 2362 623 2414 castellanum
643 2362 828 2413 Voinicensem
848 2369 875 2413 et
893 2363 1058 2428 praesectum
1077 2359 1246 2427 augustalem
1256 2358 1273 2411 ⁸.

391 2530 566 2595 Romuleos
590 2530 715 2595 fueram
740 2531 795 2617 qui
819 2541 1010 2595 cantaturus
1032 2529 1179 2613 honores,

437 2638 522 2701 Nam
546 2661 618 2724 spes
643 2639 801 2723 puniceus
825 2646 912 2701 certa
937 2636 1067 2722 galerus
1090 2640 1190 2719 emti

394 2744 562 2827 Stanislac‚
586 2784 629 2790 --
652 2744 765 2807 volunt
789 2753 947 2829 quantum
971 2744 1034 2809 sibi
1056 2744 1123 2807 fata
1146 2743 1255 2828 licere,

446 2851 608 2937 Ferrcquc
632 2850 711 2934 quid
736 2851 829 2915 nobis
854 2873 918 2914 non
942 2850 1028 2915 valet
1052 2873 1117 2913 una
1141 2849 1223 2914 diesi
1248 2888 1293 2896 —

335 2980 359 3021 s.
392 2959 479 3023 Eece
502 2980 584 3022 cano
607 2958 760 3022 exstincti
784 2957 884 3022 funus
909 2957 1068 3023 Samuelis
1092 2967 1132 3041 et,
1156 2955 1248 3041 eheu,

437 3065 567 3130 Nonia⁵
588 3087 646 3151 pro
669 3064 762 3130 laetis
785 3065 890 3128 tristia
915 3065 1019 3129 condo
1042 3063 1156 3127 modis.

392 3173 447 3255 Di,
470 3173 572 3235 iustas
596 3171 705 3235 audite
729 3194 853 3258 preces:
878 3173 1074 3259 quicumque
1097 3170 1232 3258 peremit

447 3277 578 3343 Gaudia
602 3289 720 3362 nostra,
743 3301 860 3343 manus
884 3278 1010 3342 adferat
1033 3278 1088 3342 ille
1112 3278 1204 3342 sibit

398 3618 524 3669 ¹Toatus
549 3618 628 3670 huius
657 3621 783 3671 carminis
811 3621 908 3686 repetit
936 3628 1039 3672 textum
1068 3620 1192 3671 editionis
1221 3621 1333 3687 primae,
1363 3634 1429 3686 quae

287 3708 386 3775 prodiit
404 3708 550 3760 cracoviae
568 3725 593 3760 a.
614 3708 683 3760 1550
702 3727 793 3761 mense
812 3711 932 3761 novemb.
959 3712 1029 3760 Usus
1049 3726 1107 3760 sum
1126 3709 1272 3776 exemplari
1285 3709 1365 3761 huius
1378 3709 1429 3761 sdi-

288 3797 368 3848 tionis
387 3797 414 3846 in
434 3797 597 3850 bibliotheca
615 3800 755 3851 Ossolinea
775 3808 920 3850 asservato.
940 3800 1144 3866 Epigrammata
1156 3799 1190 3850 ad
1204 3798 1306 3850 calcem
1320 3805 1430 3851 exarata

287 3885 358 3936 inter
376 3886 480 3938 minora
498 3889 590 3952 Roysii
609 3889 730 3939 carmina
750 3889 818 3940 dedi.

395 3973 406 4002 ²
424 3977 536 4028 fratrem
555 3977 684 4042 defuncti,
703 3986 835 4030 oratorem
855 3986 882 4030 et
900 3986 1015 4045 poetam.

396 4062 406 4092 ³
424 4067 491 4116 Erat
509 4067 580 4117 enim
599 4075 656 4117 tum
674 4067 873 4119 mareschalcus
893 4068 971 4118 aulae
992 4070 1128 4119 Barbarae
1146 4068 1266 4135 reginas.

394 4153 404 4181 ⁴
424 4171 586 4220 purpureum
604 4158 701 4223 capitis
722 4167 846 4223 tegumen
864 4157 1061 4224 cardinalisque
1080 4158 1183 4208 romani
1205 4157 1367 4224 dignitatem
1385 4157 1429 4208 Sa·

288 4242 369 4294 mueli
388 4243 551 4295 destinatam
571 4247 668 4312 tangit.

395 4330 539 4384 lilerium
557 4351 654 4400 genere
673 4343 767 4386 neutro
787 4336 864 4387 latini
884 4336 1027 4401 scriptores
1047 4353 1098 4386 non
1118 4337 1295 4401 usurpabant.

395 4419 549 4488 “Sequitur
567 4424 701 4489 quandam
720 4425 898 4490 suspicionem
917 4425 950 4476 de
965 4426 1088 4476 Samuele
1107 4425 1166 4475 dolo
1186 4426 1346 4492 interempto
1364 4437 1430 4492 quas

287 4510 369 4560 stiam
388 4512 459 4578 apud
479 4513 546 4563 alios
564 4514 707 4580 scriptores
726 4514 805 4565 huius
826 4515 951 4580 temporis
970 4516 1095 4565 occurrit.
