<?xml version="1.0" encoding="UTF-8"?>
<!DOCTYPE html PUBLIC "-//W3C//DTD XHTML 1.0 Transitional//EN"
    "http://www.w3.org/TR/xhtml1/DTD/xhtml1-transitional.dtd">
<html xmlns="http://www.w3.org/1999/xhtml" xml:lang="en" lang="en">
 <head>
  <title>
</title>
<meta http-equiv="Content-Type" content="text/html;charset=utf-8" />
  <meta name='ocr-system' content='tesseract 3.04.00' />
  <meta name='ocr-capabilities' content='ocr_page ocr_carea ocr_par ocr_line ocrx_word'/>
</head>
<body>
  <div class='ocr_page' id='page_1' title='image "./petriroyziimaur01morogoog_0183.png"; bbox 0 0 3016 5310; ppageno 0'>
   <div class='ocr_carea' id='block_1_1' title="bbox 621 450 806 484">
    <p class='ocr_par' dir='ltr' id='par_1_1' title="bbox 621 450 806 484">
     <span class='ocr_line' id='line_1_1' title="bbox 621 450 806 484; baseline 0 0"><span class='ocrx_word' id='word_1_1' title='bbox 621 450 699 484; x_wconf 68' lang='lat' dir='ltr'>urst</span> <span class='ocrx_word' id='word_1_2' title='bbox 718 450 806 484; x_wconf 72' lang='lat' dir='ltr'>sonu</span> 
     </span>
    </p>
   </div>
   <div class='ocr_carea' id='block_1_2' title="bbox 147 629 1291 4140">
    <p class='ocr_par' dir='ltr' id='par_1_2' title="bbox 252 629 1179 945">
     <span class='ocr_line' id='line_1_2' title="bbox 252 629 1088 733; baseline -0.002 -23"><span class='ocrx_word' id='word_1_3' title='bbox 252 647 396 733; x_wconf 87' lang='lat' dir='ltr'>Aspectu</span> <span class='ocrx_word' id='word_1_4' title='bbox 419 645 522 709; x_wconf 90' lang='lat' dir='ltr'>volvit</span> <span class='ocrx_word' id='word_1_5' title='bbox 546 629 675 733; x_wconf 86' lang='lat' dir='ltr'>placido</span> <span class='ocrx_word' id='word_1_6' title='bbox 696 655 825 730; x_wconf 87' lang='lat' dir='ltr'>perque</span> <span class='ocrx_word' id='word_1_7' title='bbox 840 645 949 708; x_wconf 92' lang='lat' dir='ltr'>omnia</span> <span class='ocrx_word' id='word_1_8' title='bbox 971 652 1088 729; x_wconf 85' lang='lat' dir='ltr'>versat,</span> 
     </span>
     <span class='ocr_line' id='line_1_3' title="bbox 253 749 1179 838; baseline 0 -22"><span class='ocrx_word' id='word_1_9' title='bbox 253 753 421 832; x_wconf 79' lang='lat' dir='ltr'>Quantum</span> <span class='ocrx_word' id='word_1_10' title='bbox 445 753 532 816; x_wconf 86' lang='lat' dir='ltr'>acies</span> <span class='ocrx_word' id='word_1_11' title='bbox 554 752 679 815; x_wconf 85' lang='lat' dir='ltr'>intenta</span> <span class='ocrx_word' id='word_1_12' title='bbox 702 749 797 834; x_wconf 85' lang='lat' dir='ltr'>valet,</span> <span class='ocrx_word' id='word_1_13' title='bbox 820 751 1010 838; x_wconf 75' lang='lat' dir='ltr'>capiturque</span> <span class='ocrx_word' id='word_1_14' title='bbox 1032 750 1179 816; x_wconf 91' lang='lat' dir='ltr'>locorum</span> 
     </span>
     <span class='ocr_line' id='line_1_4' title="bbox 253 841 1099 945; baseline 0 -23"><span class='ocrx_word' id='word_1_15' title='bbox 253 841 363 945; x_wconf 71' lang='lat' dir='ltr'>Atque</span> <span class='ocrx_word' id='word_1_16' title='bbox 384 857 473 922; x_wconf 89' lang='lat' dir='ltr'>urbis</span> <span class='ocrx_word' id='word_1_17' title='bbox 497 858 604 944; x_wconf 85' lang='lat' dir='ltr'>specie</span> <span class='ocrx_word' id='word_1_18' title='bbox 626 868 658 921; x_wconf 88' lang='lat' dir='ltr'>et</span> <span class='ocrx_word' id='word_1_19' title='bbox 681 857 798 921; x_wconf 82' lang='lat' dir='ltr'>variati</span> <span class='ocrx_word' id='word_1_20' title='bbox 821 859 927 942; x_wconf 86' lang='lat' dir='ltr'>gentis</span> <span class='ocrx_word' id='word_1_21' title='bbox 951 841 1099 923; x_wconf 88' lang='lat' dir='ltr'>amictus.</span> 
     </span>
    </p>

    <p class='ocr_par' dir='ltr' id='par_1_3' title="bbox 239 962 1213 1475">
     <span class='ocr_line' id='line_1_5' title="bbox 339 962 1213 1052; baseline 0.001 -23"><span class='ocrx_word' id='word_1_22' title='bbox 339 965 460 1030; x_wconf 82' lang='lat' dir='ltr'>Contra</span> <span class='ocrx_word' id='word_1_23' title='bbox 481 975 589 1029; x_wconf 90' lang='lat' dir='ltr'>autern</span> <span class='ocrx_word' id='word_1_24' title='bbox 612 963 750 1050; x_wconf 90' lang='lat' dir='ltr'>populus</span> <span class='ocrx_word' id='word_1_25' title='bbox 773 962 885 1048; x_wconf 85' lang='lat' dir='ltr'>defigit</span> <span class='ocrx_word' id='word_1_26' title='bbox 907 963 1032 1028; x_wconf 86' lang='lat' dir='ltr'>lumina</span> <span class='ocrx_word' id='word_1_27' title='bbox 1054 966 1090 1029; x_wconf 91' lang='lat' dir='ltr'>in</span> <span class='ocrx_word' id='word_1_28' title='bbox 1113 965 1213 1052; x_wconf 86' lang='lat' dir='ltr'>illam,</span> 
     </span>
     <span class='ocr_line' id='line_1_6' title="bbox 253 1054 1097 1157; baseline 0 -22"><span class='ocrx_word' id='word_1_29' title='bbox 253 1072 454 1157; x_wconf 83' lang='lat' dir='ltr'>Miraturque</span> <span class='ocrx_word' id='word_1_30' title='bbox 476 1093 593 1156; x_wconf 85' lang='lat' dir='ltr'>graves</span> <span class='ocrx_word' id='word_1_31' title='bbox 616 1070 726 1134; x_wconf 82' lang='lat' dir='ltr'>vultus</span> <span class='ocrx_word' id='word_1_32' title='bbox 749 1079 781 1134; x_wconf 88' lang='lat' dir='ltr'>ot</span> <span class='ocrx_word' id='word_1_33' title='bbox 803 1070 918 1134; x_wconf 85' lang='lat' dir='ltr'>frontis</span> <span class='ocrx_word' id='word_1_34' title='bbox 941 1054 1097 1135; x_wconf 80' lang='lat' dir='ltr'>honorem</span> 
     </span>
     <span class='ocr_line' id='line_1_7' title="bbox 254 1176 1089 1264; baseline 0 -22"><span class='ocrx_word' id='word_1_35' title='bbox 254 1179 451 1264; x_wconf 83' lang='lat' dir='ltr'>Egregiique</span> <span class='ocrx_word' id='word_1_36' title='bbox 474 1178 539 1241; x_wconf 92' lang='lat' dir='ltr'>oris</span> <span class='ocrx_word' id='word_1_37' title='bbox 562 1176 662 1242; x_wconf 89' lang='lat' dir='ltr'>decus</span> <span class='ocrx_word' id='word_1_38' title='bbox 685 1187 899 1264; x_wconf 77' lang='lat' dir='ltr'>aspectusque</span> <span class='ocrx_word' id='word_1_39' title='bbox 922 1176 1089 1263; x_wconf 81' lang='lat' dir='ltr'>benignos,</span> 
     </span>
     <span class='ocr_line' id='line_1_8' title="bbox 239 1282 1137 1369; baseline 0.001 -22"><span class='ocrx_word' id='word_1_40' title='bbox 239 1284 439 1369; x_wconf 71' lang='lat' dir='ltr'>&#39;Augustam</span> <span class='ocrx_word' id='word_1_41' title='bbox 462 1294 493 1347; x_wconf 95' lang='lat' dir='ltr'>et</span> <span class='ocrx_word' id='word_1_42' title='bbox 517 1284 666 1369; x_wconf 74' lang='lat' dir='ltr'>speciem,</span> <span class='ocrx_word' id='word_1_43' title='bbox 690 1306 754 1368; x_wconf 87' lang='lat' dir='ltr'>qua</span> <span class='ocrx_word' id='word_1_44' title='bbox 776 1282 872 1368; x_wconf 87' lang='lat' dir='ltr'>longe</span> <span class='ocrx_word' id='word_1_45' title='bbox 896 1293 1003 1348; x_wconf 83' lang='lat' dir='ltr'>cetera</span> <span class='ocrx_word' id='word_1_46' title='bbox 1025 1285 1137 1350; x_wconf 88' lang='lat' dir='ltr'>vincit.</span> 
     </span>
     <span class='ocr_line' id='line_1_9' title="bbox 254 1388 1071 1475; baseline 0.002 -22"><span class='ocrx_word' id='word_1_47' title='bbox 254 1389 397 1454; x_wconf 90' lang='lat' dir='ltr'>Ducitur</span> <span class='ocrx_word' id='word_1_48' title='bbox 419 1388 582 1454; x_wconf 86' lang='lat' dir='ltr'>excelsam</span> <span class='ocrx_word' id='word_1_49' title='bbox 604 1388 755 1475; x_wconf 87' lang='lat' dir='ltr'>longaevi</span> <span class='ocrx_word' id='word_1_50' title='bbox 778 1391 864 1475; x_wconf 86' lang='lat' dir='ltr'>regis</span> <span class='ocrx_word' id='word_1_51' title='bbox 887 1389 929 1455; x_wconf 92' lang='lat' dir='ltr'>ad</span> <span class='ocrx_word' id='word_1_52' title='bbox 953 1390 1071 1455; x_wconf 87' lang='lat' dir='ltr'>aulam.</span> 
     </span>
    </p>

    <p class='ocr_par' dir='ltr' id='par_1_4' title="bbox 237 1497 1291 2009">
     <span class='ocr_line' id='line_1_10' title="bbox 343 1497 1231 1584; baseline 0.002 -23"><span class='ocrx_word' id='word_1_53' title='bbox 343 1497 414 1561; x_wconf 90' lang='lat' dir='ltr'>Rex</span> <span class='ocrx_word' id='word_1_54' title='bbox 438 1506 547 1560; x_wconf 90' lang='lat' dir='ltr'>autem</span> <span class='ocrx_word' id='word_1_55' title='bbox 570 1517 663 1561; x_wconf 87' lang='lat' dir='ltr'>sacra</span> <span class='ocrx_word' id='word_1_56' title='bbox 685 1497 869 1560; x_wconf 89' lang='lat' dir='ltr'>venientem</span> <span class='ocrx_word' id='word_1_57' title='bbox 892 1507 1059 1583; x_wconf 84' lang='lat' dir='ltr'>exspectat</span> <span class='ocrx_word' id='word_1_58' title='bbox 1082 1498 1117 1561; x_wconf 93' lang='lat' dir='ltr'>in</span> <span class='ocrx_word' id='word_1_59' title='bbox 1142 1498 1231 1584; x_wconf 64' lang='lat' dir='ltr'>aede,</span> 
     </span>
     <span class='ocr_line' id='line_1_11' title="bbox 254 1602 1220 1690; baseline 0.001 -23"><span class='ocrx_word' id='word_1_60' title='bbox 254 1603 408 1667; x_wconf 86' lang='lat' dir='ltr'>Proxima</span> <span class='ocrx_word' id='word_1_61' title='bbox 431 1624 515 1688; x_wconf 90' lang='lat' dir='ltr'>quae</span> <span class='ocrx_word' id='word_1_62' title='bbox 538 1613 586 1667; x_wconf 91' lang='lat' dir='ltr'>est</span> <span class='ocrx_word' id='word_1_63' title='bbox 609 1602 711 1686; x_wconf 81' lang='lat' dir='ltr'>aulae,</span> <span class='ocrx_word' id='word_1_64' title='bbox 735 1603 848 1666; x_wconf 91' lang='lat' dir='ltr'>merito</span> <span class='ocrx_word' id='word_1_65' title='bbox 862 1624 1066 1668; x_wconf 88' lang='lat' dir='ltr'>occursurus</span> <span class='ocrx_word' id='word_1_66' title='bbox 1088 1603 1220 1690; x_wconf 87' lang='lat' dir='ltr'>honore,</span> 
     </span>
     <span class='ocr_line' id='line_1_12' title="bbox 254 1709 1290 1796; baseline 0.002 -23"><span class='ocrx_word' id='word_1_67' title='bbox 254 1711 297 1773; x_wconf 82' lang='lat' dir='ltr'>Et</span> <span class='ocrx_word' id='word_1_68' title='bbox 319 1711 410 1773; x_wconf 80' lang='lat' dir='ltr'>iuxta</span> <span class='ocrx_word' id='word_1_69' title='bbox 433 1710 533 1795; x_wconf 86' lang='lat' dir='ltr'>Bona,</span> <span class='ocrx_word' id='word_1_70' title='bbox 557 1709 759 1796; x_wconf 81' lang='lat' dir='ltr'>Sforciacum</span> <span class='ocrx_word' id='word_1_71' title='bbox 782 1731 894 1795; x_wconf 82' lang='lat' dir='ltr'>genus,</span> <span class='ocrx_word' id='word_1_72' title='bbox 917 1711 1038 1796; x_wconf 90' lang='lat' dir='ltr'>optima</span> <span class='ocrx_word' id='word_1_73' title='bbox 1061 1711 1184 1775; x_wconf 88' lang='lat' dir='ltr'>coniux</span> <span class='ocrx_word' id='word_1_74' title='bbox 1284 1748 1290 1753; x_wconf 94' lang='lat'><em>-</em></span> 
     </span>
     <span class='ocr_line' id='line_1_13' title="bbox 252 1815 1112 1903; baseline 0.002 -23"><span class='ocrx_word' id='word_1_75' title='bbox 252 1816 379 1902; x_wconf 84' lang='lat' dir='ltr'>Regina</span> <span class='ocrx_word' id='word_1_76' title='bbox 400 1816 581 1902; x_wconf 82' lang='lat' dir='ltr'>illustrique</span> <span class='ocrx_word' id='word_1_77' title='bbox 606 1816 719 1880; x_wconf 88' lang='lat' dir='ltr'>eadem</span> <span class='ocrx_word' id='word_1_78' title='bbox 743 1815 784 1880; x_wconf 93' lang='lat' dir='ltr'>de</span> <span class='ocrx_word' id='word_1_79' title='bbox 808 1817 966 1901; x_wconf 85' lang='lat' dir='ltr'>sanguine</span> <span class='ocrx_word' id='word_1_80' title='bbox 989 1839 1112 1903; x_wconf 84' lang='lat' dir='ltr'>regum.</span> 
     </span>
     <span class='ocr_line' id='line_1_14' title="bbox 237 1917 1291 2009; baseline 0.004 -23"><span class='ocrx_word' id='word_1_81' title='bbox 237 1917 245 1954; x_wconf 77' lang='lat'><em>³</em></span> <span class='ocrx_word' id='word_1_82' title='bbox 344 1923 415 1987; x_wconf 85' lang='lat' dir='ltr'>Rex</span> <span class='ocrx_word' id='word_1_83' title='bbox 439 1923 526 2009; x_wconf 92' lang='lat' dir='ltr'>prior</span> <span class='ocrx_word' id='word_1_84' title='bbox 549 1924 699 2006; x_wconf 79' lang='lat' dir='ltr'>occurrit,</span> <span class='ocrx_word' id='word_1_85' title='bbox 721 1923 833 1986; x_wconf 90' lang='lat' dir='ltr'>iuncta</span> <span class='ocrx_word' id='word_1_86' title='bbox 857 1932 953 2009; x_wconf 91' lang='lat' dir='ltr'>atque</span> <span class='ocrx_word' id='word_1_87' title='bbox 977 1922 1032 1987; x_wconf 92' lang='lat' dir='ltr'>ubi</span> <span class='ocrx_word' id='word_1_88' title='bbox 1056 1923 1192 1989; x_wconf 90' lang='lat' dir='ltr'>dextera</span> <span class='ocrx_word' id='word_1_89' title='bbox 1210 1923 1291 1990; x_wconf 82' lang='lat' dir='ltr'>dex-</span> 
     </span>
    </p>

    <p class='ocr_par' dir='ltr' id='par_1_5' title="bbox 1040 2032 1202 2116">
     <span class='ocr_line' id='line_1_15' title="bbox 1040 2032 1202 2116; baseline 0.006 -22"><span class='ocrx_word' id='word_1_90' title='bbox 1040 2032 1121 2114; x_wconf 86' lang='lat' dir='ltr'>[trae</span> <span class='ocrx_word' id='word_1_91' title='bbox 1145 2040 1202 2116; x_wconf 71' lang='lat' dir='ltr'>est,</span> 
     </span>
    </p>

    <p class='ocr_par' dir='ltr' id='par_1_6' title="bbox 147 2134 1115 2648">
     <span class='ocr_line' id='line_1_16' title="bbox 147 2134 1086 2223; baseline -0.002 -20"><span class='ocrx_word' id='word_1_92' title='bbox 147 2160 220 2203; x_wconf 81' lang='lat' dir='ltr'>ass.</span> <span class='ocrx_word' id='word_1_93' title='bbox 252 2138 475 2223; x_wconf 86' lang='lat' dir='ltr'>Reginamque</span> <span class='ocrx_word' id='word_1_94' title='bbox 498 2134 601 2200; x_wconf 89' lang='lat' dir='ltr'>oculis</span> <span class='ocrx_word' id='word_1_95' title='bbox 624 2134 758 2222; x_wconf 90' lang='lat' dir='ltr'>paulum</span> <span class='ocrx_word' id='word_1_96' title='bbox 782 2134 941 2220; x_wconf 80' lang='lat' dir='ltr'>lustravit,</span> <span class='ocrx_word' id='word_1_97' title='bbox 964 2137 1086 2201; x_wconf 88' lang='lat' dir='ltr'>amicos</span> 
     </span>
     <span class='ocr_line' id='line_1_17' title="bbox 255 2241 1051 2330; baseline -0.003 -21"><span class='ocrx_word' id='word_1_98' title='bbox 255 2244 460 2330; x_wconf 82' lang='lat' dir='ltr'>Compositus</span> <span class='ocrx_word' id='word_1_99' title='bbox 482 2241 603 2326; x_wconf 81' lang='lat' dir='ltr'>vultus,</span> <span class='ocrx_word' id='word_1_100' title='bbox 627 2243 675 2306; x_wconf 92' lang='lat' dir='ltr'>sic</span> <span class='ocrx_word' id='word_1_101' title='bbox 698 2264 777 2306; x_wconf 88' lang='lat' dir='ltr'>voce</span> <span class='ocrx_word' id='word_1_102' title='bbox 801 2241 929 2306; x_wconf 86' lang='lat' dir='ltr'>silentia</span> <span class='ocrx_word' id='word_1_103' title='bbox 951 2244 1051 2330; x_wconf 88' lang='lat' dir='ltr'>rupit:</span> 
     </span>
     <span class='ocr_line' id='line_1_18' title="bbox 256 2345 1103 2437; baseline 0.002 -24"><span class='ocrx_word' id='word_1_104' title='bbox 256 2349 416 2435; x_wconf 72' lang='lat' dir='ltr'>„Elisabe</span> <span class='ocrx_word' id='word_1_105' title='bbox 440 2372 543 2434; x_wconf 87' lang='lat' dir='ltr'>genus</span> <span class='ocrx_word' id='word_1_106' title='bbox 568 2345 765 2413; x_wconf 81' lang='lat' dir='ltr'>austriacum</span> <span class='ocrx_word' id='word_1_107' title='bbox 789 2350 938 2436; x_wconf 88' lang='lat' dir='ltr'>rogisque</span> <span class='ocrx_word' id='word_1_108' title='bbox 960 2372 1103 2437; x_wconf 88' lang='lat' dir='ltr'>propago</span> 
     </span>
     <span class='ocr_line' id='line_1_19' title="bbox 255 2455 1115 2542; baseline 0 -22"><span class='ocrx_word' id='word_1_109' title='bbox 255 2455 452 2540; x_wconf 84' lang='lat' dir='ltr'>Fernandi¹‚</span> <span class='ocrx_word' id='word_1_110' title='bbox 477 2466 512 2519; x_wconf 90' lang='lat' dir='ltr'>ut</span> <span class='ocrx_word' id='word_1_111' title='bbox 535 2455 666 2519; x_wconf 86' lang='lat' dir='ltr'>tandem</span> <span class='ocrx_word' id='word_1_112' title='bbox 690 2456 815 2541; x_wconf 91' lang='lat' dir='ltr'>accipio</span> <span class='ocrx_word' id='word_1_113' title='bbox 837 2465 877 2540; x_wconf 79' lang='lat' dir='ltr'>tc,</span> <span class='ocrx_word' id='word_1_114' title='bbox 901 2456 991 2542; x_wconf 88' lang='lat' dir='ltr'>regia</span> <span class='ocrx_word' id='word_1_115' title='bbox 1013 2457 1115 2542; x_wconf 79' lang='lat' dir='ltr'>virgo,</span> 
     </span>
     <span class='ocr_line' id='line_1_20' title="bbox 255 2561 1069 2648; baseline -0.002 -20"><span class='ocrx_word' id='word_1_116' title='bbox 255 2563 363 2628; x_wconf 93' lang='lat' dir='ltr'>Dulce</span> <span class='ocrx_word' id='word_1_117' title='bbox 387 2563 561 2627; x_wconf 79' lang='lat' dir='ltr'>senectutis</span> <span class='ocrx_word' id='word_1_118' title='bbox 584 2571 712 2626; x_wconf 88' lang='lat' dir='ltr'>nostroe</span> <span class='ocrx_word' id='word_1_119' title='bbox 737 2561 879 2626; x_wconf 86' lang='lat' dir='ltr'>solamen</span> <span class='ocrx_word' id='word_1_120' title='bbox 903 2565 1069 2648; x_wconf 89' lang='lat' dir='ltr'>amorqucl</span> 
     </span>
    </p>

    <p class='ocr_par' dir='ltr' id='par_1_7' title="bbox 148 2667 1235 2969">
     <span class='ocr_line' id='line_1_21' title="bbox 148 2667 1111 2754; baseline -0.003 -18"><span class='ocrx_word' id='word_1_121' title='bbox 148 2692 221 2736; x_wconf 79' lang='lat' dir='ltr'>aso.</span> <span class='ocrx_word' id='word_1_122' title='bbox 252 2669 360 2749; x_wconf 78' lang='lat' dir='ltr'>Quam</span> <span class='ocrx_word' id='word_1_123' title='bbox 383 2668 508 2754; x_wconf 92' lang='lat' dir='ltr'>dudum</span> <span class='ocrx_word' id='word_1_124' title='bbox 532 2669 640 2754; x_wconf 87' lang='lat' dir='ltr'>optavi</span> <span class='ocrx_word' id='word_1_125' title='bbox 663 2669 781 2732; x_wconf 87' lang='lat' dir='ltr'>nostris</span> <span class='ocrx_word' id='word_1_126' title='bbox 805 2667 979 2733; x_wconf 88' lang='lat' dir='ltr'>succedere</span> <span class='ocrx_word' id='word_1_127' title='bbox 1002 2670 1111 2754; x_wconf 86' lang='lat' dir='ltr'>regnis</span> 
     </span>
     <span class='ocr_line' id='line_1_22' title="bbox 254 2774 1101 2863; baseline 0 -23"><span class='ocrx_word' id='word_1_128' title='bbox 254 2775 331 2840; x_wconf 80' lang='lat' dir='ltr'>Ad²</span> <span class='ocrx_word' id='word_1_129' title='bbox 354 2774 485 2861; x_wconf 84' lang='lat' dir='ltr'>natique</span> <span class='ocrx_word' id='word_1_130' title='bbox 509 2786 615 2863; x_wconf 89' lang='lat' dir='ltr'>torum</span> <span class='ocrx_word' id='word_1_131' title='bbox 638 2775 825 2860; x_wconf 86' lang='lat' dir='ltr'>sociumque</span> <span class='ocrx_word' id='word_1_132' title='bbox 849 2775 960 2839; x_wconf 87' lang='lat' dir='ltr'>venire</span> <span class='ocrx_word' id='word_1_133' title='bbox 985 2774 1101 2840; x_wconf 92' lang='lat' dir='ltr'>cubile.</span> 
     </span>
     <span class='ocr_line' id='line_1_23' title="bbox 250 2880 1235 2969; baseline 0 -23"><span class='ocrx_word' id='word_1_134' title='bbox 250 2881 445 2969; x_wconf 11' lang='lat' dir='ltr'>‘Subsidium</span> <span class='ocrx_word' id='word_1_135' title='bbox 468 2880 545 2945; x_wconf 90' lang='lat' dir='ltr'>hinc</span> <span class='ocrx_word' id='word_1_136' title='bbox 568 2881 705 2966; x_wconf 84' lang='lat' dir='ltr'>generis,</span> <span class='ocrx_word' id='word_1_137' title='bbox 729 2881 830 2944; x_wconf 89' lang='lat' dir='ltr'>nostri</span> <span class='ocrx_word' id='word_1_138' title='bbox 853 2880 930 2945; x_wconf 91' lang='lat' dir='ltr'>hinc</span> <span class='ocrx_word' id='word_1_139' title='bbox 952 2891 984 2945; x_wconf 92' lang='lat' dir='ltr'>et</span> <span class='ocrx_word' id='word_1_140' title='bbox 1006 2881 1111 2967; x_wconf 85' lang='lat' dir='ltr'>gloria</span> <span class='ocrx_word' id='word_1_141' title='bbox 1133 2883 1235 2968; x_wconf 82' lang='lat' dir='ltr'>regni</span> 
     </span>
    </p>

    <p class='ocr_par' dir='ltr' id='par_1_8' title="bbox 221 2987 1047 3072">
     <span class='ocr_line' id='line_1_24' title="bbox 221 2987 1047 3072; baseline -0.001 -19"><span class='ocrx_word' id='word_1_142' title='bbox 221 3011 223 3015; x_wconf 75' lang='grc'>’</span> <span class='ocrx_word' id='word_1_143' title='bbox 254 2989 426 3054; x_wconf 87' lang='lat' dir='ltr'>Adventus</span> <span class='ocrx_word' id='word_1_144' title='bbox 449 2989 507 3054; x_wconf 86' lang='lat' dir='ltr'>lux</span> <span class='ocrx_word' id='word_1_145' title='bbox 530 2990 593 3051; x_wconf 85' lang='lat' dir='ltr'>ista</span> <span class='ocrx_word' id='word_1_146' title='bbox 615 2989 673 3072; x_wconf 81' lang='lat' dir='ltr'>tui,</span> <span class='ocrx_word' id='word_1_147' title='bbox 697 2987 907 3052; x_wconf 86' lang='lat' dir='ltr'>celeberrima</span> <span class='ocrx_word' id='word_1_148' title='bbox 930 2989 1047 3052; x_wconf 86' lang='lat' dir='ltr'>nostris</span> 
     </span>
    </p>

    <p class='ocr_par' dir='ltr' id='par_1_9' title="bbox 256 3093 1122 3182">
     <span class='ocr_line' id='line_1_25' title="bbox 256 3093 1122 3182; baseline -0.002 -22"><span class='ocrx_word' id='word_1_149' title='bbox 256 3095 389 3182; x_wconf 83' lang='lat' dir='ltr'>Semper</span> <span class='ocrx_word' id='word_1_150' title='bbox 412 3097 472 3159; x_wconf 93' lang='lat' dir='ltr'>crit</span> <span class='ocrx_word' id='word_1_151' title='bbox 495 3095 605 3181; x_wconf 85' lang='lat' dir='ltr'>regnis</span> <span class='ocrx_word' id='word_1_152' title='bbox 628 3105 660 3158; x_wconf 89' lang='lat' dir='ltr'>et</span> <span class='ocrx_word' id='word_1_153' title='bbox 683 3095 744 3158; x_wconf 91' lang='lat' dir='ltr'>erit</span> <span class='ocrx_word' id='word_1_154' title='bbox 766 3093 942 3158; x_wconf 88' lang='lat' dir='ltr'>laetissima</span> <span class='ocrx_word' id='word_1_155' title='bbox 966 3095 1122 3181; x_wconf 77' lang='lat' dir='ltr'>semper“.</span> 
     </span>
    </p>

    <p class='ocr_par' dir='ltr' id='par_1_10' title="bbox 255 3200 1289 3608">
     <span class='ocr_line' id='line_1_26' title="bbox 344 3200 1289 3287; baseline -0.001 -21"><span class='ocrx_word' id='word_1_156' title='bbox 344 3202 435 3266; x_wconf 88' lang='lat' dir='ltr'>Haec</span> <span class='ocrx_word' id='word_1_157' title='bbox 460 3202 517 3266; x_wconf 92' lang='lat' dir='ltr'>ubi</span> <span class='ocrx_word' id='word_1_158' title='bbox 540 3225 598 3266; x_wconf 88' lang='lat' dir='ltr'>rex</span> <span class='ocrx_word' id='word_1_159' title='bbox 621 3202 717 3285; x_wconf 81' lang='lat' dir='ltr'>fatus,</span> <span class='ocrx_word' id='word_1_160' title='bbox 749 3203 895 3287; x_wconf 87' lang='lat' dir='ltr'>sequitur</span> <span class='ocrx_word' id='word_1_161' title='bbox 917 3200 1135 3287; x_wconf 89' lang='lat' dir='ltr'>pulcherrima</span> <span class='ocrx_word' id='word_1_162' title='bbox 1158 3202 1289 3287; x_wconf 76' lang='lat' dir='ltr'>coniux,</span> 
     </span>
     <span class='ocr_line' id='line_1_27' title="bbox 255 3307 1088 3373; baseline -0.002 0"><span class='ocrx_word' id='word_1_163' title='bbox 255 3307 437 3373; x_wconf 79' lang='lat' dir='ltr'>Coniuncta</span> <span class='ocrx_word' id='word_1_164' title='bbox 461 3319 491 3372; x_wconf 93' lang='lat' dir='ltr'>et</span> <span class='ocrx_word' id='word_1_165' title='bbox 515 3308 648 3372; x_wconf 84' lang='lat' dir='ltr'>dextrae</span> <span class='ocrx_word' id='word_1_166' title='bbox 672 3307 787 3372; x_wconf 85' lang='lat' dir='ltr'>dextra</span> <span class='ocrx_word' id='word_1_167' title='bbox 811 3308 858 3371; x_wconf 89' lang='lat' dir='ltr'>sic</span> <span class='ocrx_word' id='word_1_168' title='bbox 882 3307 981 3372; x_wconf 83' lang='lat' dir='ltr'>farier</span> <span class='ocrx_word' id='word_1_169' title='bbox 1002 3329 1088 3371; x_wconf 90' lang='lat' dir='ltr'>orsa:</span> 
     </span>
     <span class='ocr_line' id='line_1_28' title="bbox 258 3412 1098 3503; baseline -0.002 -24"><span class='ocrx_word' id='word_1_170' title='bbox 258 3412 388 3498; x_wconf 64' lang='lat' dir='ltr'>&#39;„Salve‚</span> <span class='ocrx_word' id='word_1_171' title='bbox 412 3414 575 3479; x_wconf 88' lang='lat' dir='ltr'>Femandi</span> <span class='ocrx_word' id='word_1_172' title='bbox 600 3413 715 3500; x_wconf 76' lang='lat' dir='ltr'>proles,</span> <span class='ocrx_word' id='word_1_173' title='bbox 738 3415 838 3479; x_wconf 88' lang='lat' dir='ltr'>docus</span> <span class='ocrx_word' id='word_1_174' title='bbox 862 3413 974 3503; x_wconf 82' lang='lat' dir='ltr'>addita</span> <span class='ocrx_word' id='word_1_175' title='bbox 996 3413 1098 3498; x_wconf 77' lang='lat' dir='ltr'>pobis,</span> 
     </span>
     <span class='ocr_line' id='line_1_29' title="bbox 256 3520 1150 3608; baseline 0.001 -25"><span class='ocrx_word' id='word_1_176' title='bbox 256 3520 431 3605; x_wconf 72' lang='lat' dir='ltr'>Fernandi‚</span> <span class='ocrx_word' id='word_1_177' title='bbox 454 3544 549 3608; x_wconf 92' lang='lat' dir='ltr'>quem</span> <span class='ocrx_word' id='word_1_178' title='bbox 574 3543 701 3584; x_wconf 87' lang='lat' dir='ltr'>summa</span> <span class='ocrx_word' id='word_1_179' title='bbox 724 3530 855 3584; x_wconf 86' lang='lat' dir='ltr'>manent</span> <span class='ocrx_word' id='word_1_180' title='bbox 879 3520 1010 3606; x_wconf 83' lang='lat' dir='ltr'>fastigia</span> <span class='ocrx_word' id='word_1_181' title='bbox 1032 3542 1150 3605; x_wconf 78' lang='lat' dir='ltr'>rerum,</span> 
     </span>
    </p>

    <p class='ocr_par' dir='ltr' id='par_1_11' title="bbox 149 3627 1133 4140">
     <span class='ocr_line' id='line_1_30' title="bbox 256 3627 1133 3713; baseline 0 -23"><span class='ocrx_word' id='word_1_182' title='bbox 256 3627 436 3713; x_wconf 81' lang='lat' dir='ltr'>Egregium</span> <span class='ocrx_word' id='word_1_183' title='bbox 459 3650 562 3712; x_wconf 86' lang='lat' dir='ltr'>genus</span> <span class='ocrx_word' id='word_1_184' title='bbox 585 3637 616 3690; x_wconf 85' lang='lat' dir='ltr'>et</span> <span class='ocrx_word' id='word_1_185' title='bbox 639 3636 767 3690; x_wconf 85' lang='lat' dir='ltr'>nostrae</span> <span class='ocrx_word' id='word_1_186' title='bbox 790 3648 862 3712; x_wconf 89' lang='lat' dir='ltr'>spes</span> <span class='ocrx_word' id='word_1_187' title='bbox 887 3648 953 3689; x_wconf 94' lang='lat' dir='ltr'>una</span> <span class='ocrx_word' id='word_1_188' title='bbox 975 3635 1133 3711; x_wconf 85' lang='lat' dir='ltr'>senectae,</span> 
     </span>
     <span class='ocr_line' id='line_1_31' title="bbox 149 3730 1086 3820; baseline -0.002 -22"><span class='ocrx_word' id='word_1_189' title='bbox 149 3755 232 3799; x_wconf 70' lang='lat' dir='ltr'>soc.¹</span> <span class='ocrx_word' id='word_1_190' title='bbox 254 3730 354 3797; x_wconf 89' lang='lat' dir='ltr'>Haud</span> <span class='ocrx_word' id='word_1_191' title='bbox 379 3736 508 3820; x_wconf 83' lang='lat' dir='ltr'>ingrata</span> <span class='ocrx_word' id='word_1_192' title='bbox 531 3734 585 3797; x_wconf 91' lang='lat' dir='ltr'>isti</span> <span class='ocrx_word' id='word_1_193' title='bbox 609 3754 710 3818; x_wconf 84' lang='lat' dir='ltr'>regno</span> <span class='ocrx_word' id='word_1_194' title='bbox 734 3732 883 3797; x_wconf 85' lang='lat' dir='ltr'>succedis</span> <span class='ocrx_word' id='word_1_195' title='bbox 907 3743 938 3797; x_wconf 88' lang='lat' dir='ltr'>et</span> <span class='ocrx_word' id='word_1_196' title='bbox 961 3732 1086 3796; x_wconf 84' lang='lat' dir='ltr'>aulae“.</span> 
     </span>
     <span class='ocr_line' id='line_1_32' title="bbox 256 3838 1077 3927; baseline -0.002 -22"><span class='ocrx_word' id='word_1_197' title='bbox 256 3840 311 3906; x_wconf 77' lang='lat' dir='ltr'>Sic</span> <span class='ocrx_word' id='word_1_198' title='bbox 333 3842 447 3927; x_wconf 87' lang='lat' dir='ltr'>paucis</span> <span class='ocrx_word' id='word_1_199' title='bbox 470 3841 568 3903; x_wconf 90' lang='lat' dir='ltr'>finem</span> <span class='ocrx_word' id='word_1_200' title='bbox 591 3863 703 3926; x_wconf 90' lang='lat' dir='ltr'>presso</span> <span class='ocrx_word' id='word_1_201' title='bbox 726 3839 815 3903; x_wconf 88' lang='lat' dir='ltr'>dedit</span> <span class='ocrx_word' id='word_1_202' title='bbox 839 3862 893 3903; x_wconf 91' lang='lat' dir='ltr'>ore</span> <span class='ocrx_word' id='word_1_203' title='bbox 916 3838 1077 3925; x_wconf 90' lang='lat' dir='ltr'>loquendi.</span> 
     </span>
     <span class='ocr_line' id='line_1_33' title="bbox 256 3945 1010 4032; baseline -0.001 -21"><span class='ocrx_word' id='word_1_204' title='bbox 256 3948 385 4013; x_wconf 90' lang='lat' dir='ltr'>Interea</span> <span class='ocrx_word' id='word_1_205' title='bbox 407 3957 509 4012; x_wconf 86' lang='lat' dir='ltr'>terras</span> <span class='ocrx_word' id='word_1_206' title='bbox 534 3947 627 4032; x_wconf 86' lang='lat' dir='ltr'>nigra</span> <span class='ocrx_word' id='word_1_207' title='bbox 650 3969 716 4009; x_wconf 88' lang='lat' dir='ltr'>nox</span> <span class='ocrx_word' id='word_1_208' title='bbox 739 3946 859 4011; x_wconf 90' lang='lat' dir='ltr'>occulit</span> <span class='ocrx_word' id='word_1_209' title='bbox 882 3945 1010 4010; x_wconf 88' lang='lat' dir='ltr'>umbra:</span> 
     </span>
     <span class='ocr_line' id='line_1_34' title="bbox 254 4052 1044 4140; baseline -0.003 -22"><span class='ocrx_word' id='word_1_210' title='bbox 254 4054 446 4140; x_wconf 74' lang='lat' dir='ltr'>Discedunt,</span> <span class='ocrx_word' id='word_1_211' title='bbox 470 4055 564 4118; x_wconf 88' lang='lat' dir='ltr'>tectis</span> <span class='ocrx_word' id='word_1_212' title='bbox 587 4065 618 4117; x_wconf 90' lang='lat' dir='ltr'>et</span> <span class='ocrx_word' id='word_1_213' title='bbox 642 4077 676 4117; x_wconf 89' lang='lat' dir='ltr'>se</span> <span class='ocrx_word' id='word_1_214' title='bbox 699 4052 863 4139; x_wconf 83' lang='lat' dir='ltr'>regalibus</span> <span class='ocrx_word' id='word_1_215' title='bbox 888 4052 1013 4117; x_wconf 90' lang='lat' dir='ltr'>addunt</span> <span class='ocrx_word' id='word_1_216' title='bbox 1024 4057 1044 4116; x_wconf 76' lang='lat'>³.</span> 
     </span>
    </p>
   </div>
   <div class='ocr_carea' id='block_1_3' title="bbox 153 4313 914 4566">
    <p class='ocr_par' dir='ltr' id='par_1_12' title="bbox 153 4298 914 4566">
     <span class='ocr_line' id='line_1_35' title="bbox 154 4313 914 4388; baseline 0.013 -22"><span class='ocrx_word' id='word_1_217' title='bbox 154 4313 190 4342; x_wconf 77' lang='lat'>⁵³·</span> <span class='ocrx_word' id='word_1_218' title='bbox 256 4323 266 4351; x_wconf 87' lang='lat'>¹</span> <span class='ocrx_word' id='word_1_219' title='bbox 285 4322 382 4374; x_wconf 76' lang='lat' dir='ltr'>Editio:</span> <span class='ocrx_word' id='word_1_220' title='bbox 405 4322 600 4382; x_wconf 66' lang='lat' dir='ltr'>„Ferdinandr‘</span> <span class='ocrx_word' id='word_1_221' title='bbox 621 4329 716 4373; x_wconf 85' lang='lat' dir='ltr'>eontra</span> <span class='ocrx_word' id='word_1_222' title='bbox 735 4322 813 4373; x_wconf 83' lang='lat' dir='ltr'>metri</span> <span class='ocrx_word' id='word_1_223' title='bbox 832 4321 914 4388; x_wconf 75' lang='lat' dir='ltr'>leges.</span> 
     </span>
     <span class='ocr_line' id='line_1_36' title="bbox 153 4410 883 4476; baseline 0.047 -46"><span class='ocrx_word' id='word_1_224' title='bbox 153 4420 209 4432; x_wconf 77' lang='grc'>.</span> <span class='ocrx_word' id='word_1_225' title='bbox 257 4410 268 4440; x_wconf 80' lang='lat' dir='ltr'>s</span> <span class='ocrx_word' id='word_1_226' title='bbox 287 4413 414 4463; x_wconf 78' lang='lat' dir='ltr'>Fortasse</span> <span class='ocrx_word' id='word_1_227' title='bbox 436 4414 489 4473; x_wconf 83' lang='lat' dir='ltr'>„Te</span> <span class='ocrx_word' id='word_1_228' title='bbox 508 4412 558 4462; x_wconf 82' lang='lat' dir='ltr'>ad“</span> <span class='ocrx_word' id='word_1_229' title='bbox 580 4412 689 4476; x_wconf 83' lang='lat' dir='ltr'>scripsit</span> <span class='ocrx_word' id='word_1_230' title='bbox 707 4411 830 4476; x_wconf 75' lang='lat' dir='ltr'>Royzius.</span> <span class='ocrx_word' id='word_1_231' title='bbox 880 4425 883 4429; x_wconf 79' lang='grc'><em>’</em></span> 
     </span>
     <span class='ocr_line' id='line_1_37' title="bbox 256 4498 543 4566; baseline 0.01 -17"><span class='ocrx_word' id='word_1_232' title='bbox 256 4498 267 4527; x_wconf 82' lang='lat'>⁸</span> <span class='ocrx_word' id='word_1_233' title='bbox 284 4502 377 4551; x_wconf 86' lang='lat' dir='ltr'>Potius</span> <span class='ocrx_word' id='word_1_234' title='bbox 396 4501 543 4566; x_wconf 84' lang='lat' dir='ltr'>„abdunt“.</span> 
     </span>
    </p>
   </div>
   <div class='ocr_carea' id='block_1_4' title="bbox 0 0 1518 5310">
    <p class='ocr_par' dir='ltr' id='par_1_13' title="bbox 0 0 1518 5310">
     <span class='ocr_line' id='line_1_38' title="bbox 0 0 1518 5310; baseline 0 0"><span class='ocrx_word' id='word_1_235' title='bbox 0 0 1518 5310; x_wconf 95' lang='lat' dir='ltr'> </span> 
     </span>
    </p>
   </div>
  </div>
 </body>
</html>
