3016 5310
177 547 288 624 postea
311 545 439 621 praeter
462 557 553 621 spem
570 533 756 599 valetudine
772 545 965 621 recuperata
980 557 1062 621 equo
1077 533 1227 600 insidens
1241 535 1321 601 Oru-

179 644 307 709 coviam
331 641 493 724 rediisset,
518 641 668 730 Royzius,
694 652 729 705 ut
751 651 783 705 et
807 640 963 705 laetitiam
986 664 1080 705 suam
1103 643 1209 706 amico
1233 641 1321 705 testi·

179 752 332 815 licaretur
355 762 387 814 et
410 750 553 813 invisum
577 748 640 813 sibi
663 747 899 833 astrologorum
923 772 1026 833 genus
1051 749 1206 812 vanitatis
1234 748 1322 811 frau-

179 857 296 943 disque
325 867 532 941 coargueret,
563 878 631 919 rem
663 849 808 920 carniine
838 854 1036 940 descriptam
1066 865 1098 919 et
1126 853 1321 919 illustratam

181 963 360 1051 publicavit
384 963 426 1047 (I,
450 963 648 1040 aar-257).
687 961 816 1026 Deinde
840 961 975 1025 Nicolao
997 961 1158 1042 Radivilq
1190 961 1323 1025 Ioannis

181 1070 259 1149 filio,
283 1069 402 1152 hieme,
425 1069 551 1155 opinor,
583 1092 610 1133 a.
637 1069 722 1133 1546
745 1068 900 1133 Elisabeu
924 1066 1151 1151 Sidloviciam,
1174 1067 1322 1155 Sophiae,

181 1178 364 1242 comitissae
380 1175 420 1239 de
436 1175 584 1259 Tarndw,
608 1187 640 1239 et
656 1175 847 1259 christinae,
871 1175 1022 1240 ducissae
1038 1175 1322 1260 Munsterbergen-

181 1286 234 1367 sis,
252 1305 402 1365 sororem,
426 1282 460 1345 in
483 1283 722 1345 matrimonium
740 1281 872 1346 ducenti
887 1281 1131 1369 epithalamium
1148 1280 1327 1345 catulliano

179 1390 286 1456 colore
310 1390 503 1473 conscripsit
527 1388 565 1469 (I,
590 1389 734 1469 72-793
765 1388 809 1470 II,
833 1390 896 1471 38),
929 1411 1078 1475 annoque
1108 1399 1181 1474 post
1210 1390 1321 1471 (1547)

181 1507 341 1561 mortuam
366 1497 505 1576 Annam,
530 1493 729 1559 Ferdinandi
747 1497 833 1580 regis
850 1497 974 1558 romani
992 1518 1135 1580 uxorem,
1160 1494 1321 1559 Vladislai

181 1601 405 1689 Jagellonidae
439 1600 540 1664 filiam
574 1603 740 1686 ipsiusque
778 1601 980 1687 Sigismundi
1016 1603 1157 1688 Augusti
1182 1625 1321 1686 socrum,

180 1712 450 1797 epigrammatum
486 1709 569 1771 serie
604 1707 762 1793 singulari
800 1707 882 1771 libro
916 1709 1036 1772 emissa
1067 1709 1236 1773 decoravit
1268 1709 1327 1793 (11,

183 1818 380 1897 309--315).
418 1816 509 1879 Inter
539 1815 620 1880 haec
651 1814 819 1880 sollemnia
850 1828 1031 1901 temporum
1055 1817 1202 1881 carmina
1226 1816 1322 1880 etiam

182 1924 335 2008 graviora
359 1921 518 2007 quaedam
541 1922 657 2008 impari
682 1944 837 1986 successu
861 1923 1062 1986 moliebatur.
1101 1923 1188 1986 Iuris
1216 1922 1324 1986 studia

180 2054 201 2095 a
224 2029 353 2094 Polonis
376 2028 505 2114 neglegi
530 2030 727 2114 minorisque
751 2051 852 2115 aequo
876 2030 1039 2093 aestimari
1071 2029 1201 2095 dolebat
1229 2040 1323 2115 atque

181 2137 385 2223 querebatur.
410 2135 581 2199 Praeterea
606 2136 770 2221 peculiare
788 2135 982 2200 Polonorum
999 2138 1051 2199 ius
1068 2137 1239 2224 ipsumque
1255 2148 1322 2200 teu·

181 2245 326 2307 tonicum
351 2265 412 2305 non
438 2242 589 2305 sufficere
612 2243 762 2306 omnibus
779 2243 1021 2327 quaestionibus
1038 2244 1209 2328 causisque
1225 2265 1323 2329 expe-

183 2349 310 2413 diendis
334 2349 558 2434 perspiciebat,
586 2349 722 2433 ideoque
745 2360 801 2412 aut
825 2351 955 2412 omnino
980 2350 1049 2413 iure
1074 2372 1207 2412 romano
1231 2349 1325 2413 Polo-

182 2459 233 2521 uis
258 2456 414 2521 utendum
437 2468 493 2519 aut
517 2469 603 2519 uerte
628 2457 708 2519 iuris
733 2456 901 2520 vernaculi
925 2455 1072 2520 defectus
1096 2457 1167 2520 iure
1192 2479 1327 2520 romano-

182 2565 216 2627 in
240 2563 398 2627 auxilium
424 2574 538 2626 vocato
561 2585 630 2625 esse
654 2561 841 2625 sarciendos
864 2562 1087 2627 contendebat.
1111 2563 1240 2642 Quibus
1258 2574 1325 2626 stu·

181 2670 245 2734 diis
269 2692 342 2733 cum
360 2669 496 2733 Polonos
513 2668 670 2753 refragari
690 2668 823 2751 videret,
847 2670 963 2754 partim
982 2691 1022 2733 ne
1038 2679 1194 2755 potestate
1210 2691 1325 2754 regum

181 2789 277 2841 aucta
300 2777 476 2862 praecipua
492 2774 648 2839 nobilium
665 2777 738 2838 iura
754 2774 972 2858 abolerentur,
997 2777 1112 2861 partim
1131 2798 1171 2839 nc
1187 2797 1324 2861 regnum

181 2883 333 2970 polonum
358 2884 492 2969 imperio
515 2904 649 2945 romano
673 2882 852 2945 obnoxium
874 2882 973 2966 fieret,
1003 2883 1127 2964 anxios,
1151 2883 1325 2968 antiquita·

182 3001 245 3054 tem
270 2990 566 3076 praestantiumque
590 2989 669 3052 iuris
694 2990 819 3052 romani
844 2990 987 3052 carmine
1012 2988 1168 3074 singulari
1197 2989 1239 3052 de
1263 2989 1323 3052 ori-

182 3097 257 3182 gine
282 3097 361 3160 iuris
385 3096 498 3158 invitis
523 3095 659 3181 probare
683 3096 858 3159 constituit.
883 3097 974 3175 Quae
991 3118 1043 3159 res
1065 3118 1142 3160 sane
1158 3095 1328 3160 difficilior

180 3215 252 3268 erat
274 3204 399 3265 animos
423 3213 454 3266 et
478 3203 632 3266 carminis
658 3214 827 3266 venustate
857 3225 973 3289 capere
1003 3213 1035 3266 et
1065 3212 1219 3266 accurate
1250 3202 1324 3267 edo·

182 3332 257 3375 cere
289 3322 453 3374 conaturo.
492 3309 614 3395 Itaque,
645 3320 773 3394 praeter
805 3311 933 3395 incepta
957 3321 1110 3395 quattuor
1133 3308 1325 3393 fragmentis

182 3416 290 3481 adhue
314 3429 442 3480 servata
467 3417 504 3500 (l,
530 3417 716 3497 lae-158)
740 3417 961 3500 rationemque
985 3415 1139 3479 carminis
1159 3413 1324 3479 illustran-

181 3524 236 3602 tia,
260 3522 418 3610 ampliora
440 3524 473 3585 in
498 3522 560 3586 hac
583 3523 719 3586 materia
743 3523 912 3609 scripsisse
936 3544 1000 3586 nou
1024 3522 1164 3585 videtur.
1197 3523 1326 3609 Perspi-

181 3631 288 3695 ciebat
311 3631 407 3694 etiam
432 3629 576 3718 Royzius
592 3629 834 3714 cognoscendos
852 3629 913 3692 sibi
931 3653 1001 3692 esse
1017 3652 1132 3712 mores,
1157 3628 1323 3693 historiam

180 3737 390 3822 linguamque
413 3736 607 3800 Polonorum
639 3736 680 3799 ad
712 3759 823 3801 eorum
855 3738 979 3799 animos
1012 3736 1074 3799 sibi
1103 3734 1324 3799 conciliandos

181 3844 470 3929 auctoritatemque
501 3843 643 3928 aliquam
675 3845 759 3906 inter
789 3867 843 3907 eos
875 3842 1127 3928 assequendam,
1158 3842 1190 3904 in
1215 3843 1325 3931 eisque

181 3950 279 4014 rebus
303 3962 435 4014 strenue
458 3949 661 4034 elaborabat,
692 3952 869 4014 maximam
894 3972 972 4015 vero
996 3950 1153 4012 initurum
1178 3970 1213 4011 se
1238 3947 1325 4034 apud

182 4055 348 4122 Sarmatas
381 4058 536 4141 gratiam,
574 4059 601 4120 si
634 4059 822 4121 memorium
855 4057 982 4120 fortiter
1013 4057 1053 4121 ab
1085 4058 1131 4119 eis
1163 4054 1329 4118 factorum

181 4164 332 4227 Enniano
356 4163 451 4227 modo
475 4166 619 4228 carmine
642 4163 798 4249 ampliore
821 4174 1028 4246 exornasset,
1056 4173 1145 4227 recte
1168 4161 1231 4225 sihi
1255 4184 1329 4248 per-

180 4272 291 4334 suasit.
315 4272 408 4357 Cepit
431 4271 532 4355 igitur
556 4271 728 4335 eonsilium
752 4271 905 4336 historiae
930 4271 1065 4358 polonac
1089 4269 1165 4333 inde
1186 4292 1205 4332 a
1223 4271 1329 4355 prima

179 4378 304 4463 origine
328 4400 430 4463 usque
454 4377 495 4440 ad
519 4402 579 4441 sua
602 4391 747 4465 tempora
781 4379 925 4442 carmine
955 4377 1085 4442 heroico
1115 4376 1331 4450 enarrandae,
