3016 5310
429 469 632 505 urrunsuamuu
652 471 828 506 uumriuosis.
1156 455 1199 520 '15

92 540 127 545 —.
165 540 168 544 .
228 538 365 544 ...--—-—-
715 540 766 546 —.
948 541 1197 549 —-——-..

1028 555 1197 562 ——-—.

62 552 316 558 -——-.—-—
335 551 812 559 -—————-——.-.-
819 553 999 560 --——...—.

159 664 234 726 Non
258 684 372 748 pacem
394 664 548 748 ignavam
571 686 636 726 non
659 665 724 727 otia
748 665 860 749 segnia
882 674 983 748 curat,

160 768 291 834 Scilicet
316 780 350 832 ut
373 778 465 832 tauta
488 770 688 854 stupefactus
710 771 746 833 in
769 770 877 834 indole
900 776 1034 835 caesar¹

161 876 281 939 Inclita
304 876 438 939 miretur
461 875 587 939 decoris
610 875 700 939 velut
723 898 797 939 orsa
820 877 920 940 futuri

160 984 197 1046 ln
222 1004 386 1068 pueroque
409 981 525 1046 ducem
549 983 727 1067 primisque
750 984 907 1069 inspectet
931 985 965 1047 in
989 985 1092 1048 annis.

81 1111 124 1153 us.
160 1089 358 1155 Confirmata
381 1112 460 1153 aevo
485 1090 564 1172 quid
588 1091 688 1153 serior
711 1090 836 1154 adferet
859 1091 969 1154 aetas?

160 1195 299 1261 Sustulit
321 1205 353 1260 et
377 1195 530 1282 Sophiam
552 1195 704 1259 thalamis
728 1197 910 1260 Tarnovius
934 1197 1063 1262 iisdem:

159 1302 326 1388 Insignem
349 1303 453 1366 ferma
477 1301 639 1389 Sophiam,
662 1327 745 1390 quae
769 1304 898 1367 nomine
922 1314 1066 1387 matrem,

160 1408 253 1487 Quae
277 1409 424 1495 facieque
447 1409 545 1472 refert
569 1420 741 1495 utrumque
764 1431 803 1473 ac
827 1432 881 1473 ore
904 1422 1079 1495 parentem,
1116 1404 1119 1408 ⁴

157 1516 276 1598 Parva,
298 1513 410 1579 deecrn
434 1514 566 1579 brumas
589 1516 704 1581 hiemis
728 1539 812 1600 quae
834 1517 918 1579 vidit
941 1539 1089 1601 aquosae,

85 1645 127 1686 ao.
159 1623 202 1685 At.
225 1621 336 1685 multis
361 1622 426 1684 iam
450 1632 558 1707 optata
581 1624 668 1687 viris.
700 1623 806 1702 Quam
831 1624 968 1710 quisque
992 1625 1117 1708 lugere,

162 1728 308 1814 Quisque
331 1750 409 1793 suae
432 1729 541 1814 cupiat
564 1731 740 1816 primorum
765 1730 943 1816 adiungere
966 1731 1055 1816 genti
1066 1731 1086 1792 ².

246 1835 403 1920 Princeps
427 1836 565 1900 loannes
589 1836 942 1922 hluustcmbergensius
965 1838 1028 1901 ista

162 1941 361 2007 Christinam
384 1942 425 2006 de
447 1953 543 2027 geute
566 1942 662 2005 tulit³
686 1943 890 2030 thalamoque
914 1944 1033 2008 locarit

161 2047 382 2134 Christephori
407 2049 545 2134 cupidus
569 2059 641 2134 post
665 2049 778 2112 ultima
802 2050 869 2113 fata
892 2052 1047 2136 parentis:

86 2173 128 2217 aa.
159 2153 301 2217 Tantum
324 2153 545 2241 Christopheri
569 2167 640 2241 post
664 2156 779 2219 funera
803 2156 891 2219 fama
913 2158 1057 2242 parentis

161 2260 295 2324 Evaluit
317 2283 498 2347 nomenque
520 2263 643 2348 ingens,
666 2272 819 2325 externus
842 2274 878 2326 ut
901 2262 994 2327 heros

163 2366 222 2430 Ille
246 2367 448 2450 Boemorum,
473 2380 561 2431 satus
585 2368 649 2432 alto
674 2392 692 2432 a
716 2371 874 2453 sanguine
898 2392 1011 2455 regum

161 2473 349 2538 Consortem
373 2476 490 2560 optarit
514 2475 589 2539 lecti
613 2486 709 2561 atquc
733 2476 766 2538 in
790 2487 880 2561 parte
904 2477 1017 2540 locarit

161 2580 356 2665 Magnarum
380 2582 583 2645 fortunarum
607 2593 638 2646 et
662 2583 793 2646 ditionis
817 2584 931 2647 avitae.

84 2708 128 2749 ro.
249 2687 322 2751 Hae
344 2687 480 2752 Nicolue
503 2688 561 2752 tibi
586 2689 737 2752 Radivilo
760 2711 802 2752 ex
826 2690 924 2774 stirpe
947 2713 1090 2775 propaga

161 2791 332 2878 Heredem,
355 2795 433 2879 qui⁴
456 2805 488 2858 te
512 2795 637 2877 referat,
663 2796 814 2858 liituaniu
838 2806 869 2858 te
893 2819 988 2881 quem

161 2899 332 2985 Tanquam
356 2901 510 2986 suspiciat
524 2907 543 2984 5,
568 2901 651 2965 eolat
675 2911 772 2983 atque
795 2901 835 2965 ub
860 2925 935 2987 rege
960 2902 1148 2967 seeundum.

252 3007 385 3094 Hymen
409 3006 504 3072 dulce
527 3007 595 3092 tibi,
619 3032 637 3071 0
661 3008 790 3096 hymen,
814 3008 972 3091 Radivilo,
997 3021 1143 3074 canatur:

161 3112 287 3197 Sponsa
311 3115 409 3199 venit,
432 3116 590 3199 premissa
612 3115 672 3178 tihi
696 3115 913 3200 pulcherrima
936 3116 1037 3199 virgo,

60 3283 190 3290 -..-—--
205 3285 259 3290 —.-

162 3369 331 3421 ¹Caesarem
357 3370 481 3420 Carolum
502 3372 522 3418 V
543 3370 617 3429 dicit,
645 3371 689 3434 qui
715 3386 738 3420 a.
765 3369 834 3421 1556
859 3371 999 3436 imperium
1028 3387 1077 3421 sua
1105 3380 1200 3437 sponte

57 3457 186 3525 deposuit.

161 3545 172 3574 ²
191 3547 290 3612 Sophia
308 3549 400 3613 nupsit
420 3556 511 3613 postea
530 3565 553 3597 a.
575 3546 645 3598 1551
657 3549 833 3598 Constantino
846 3548 946 3598 Basilio
964 3550 1077 3614 principi
1090 3552 1200 3617 Ostrog-

56 3636 103 3701 shi,
122 3636 246 3703 palatino
266 3636 428 3701 Kijoviensi‚
457 3645 613 3700 mortuoque
637 3652 661 3685 a.
688 3636 755 3687 1567
782 3638 865 3686 fratrs
892 3637 990 3688 loanne
1010 3638 1202 3704 christophoro

55 3725 247 3776 Tamovieusiu
270 3726 340 3776 bona
363 3741 525 3791 magnosque
554 3725 693 3775 thesauros
721 3725 789 3775 dotis
817 3726 923 3775 nomine
951 3726 978 3774 in
1007 3726 1113 3778 domum
1142 3729 1200 3778 eius

55 3816 155 3868 intulit.
181 3817 258 3866 Obiit
275 3831 299 3865 a.
321 3815 388 3866 1571
410 3816 559 3877 (Bonieelri,
580 3817 675 3865 Poczet
695 3815 782 3864 rodow
803 3832 844 3880 pg.
865 3814 935 3881 235).

161 3903 327 3956 ”christina
346 3906 491 3957 Sidlovicia
510 3906 601 3970 nupsit
621 3905 713 3954 loanni
733 3904 794 3954 duei
815 3906 1059 3970 hiensterbergensi
1075 3906 1124 3962 (sie
1138 3906 1199 3957 Nie-

56 3993 148 4062 sieeki)
168 4000 196 4044 et
215 3993 381 4046 Olesniceusi
400 3992 493 4060 (Osis),
513 3995 603 4044 comiti
622 3994 757 4056 illacensi,
776 3995 820 4058 qui
841 4010 855 4043 e
874 4001 954 4059 geute
973 3995 1080 4061 Georgii
1100 3995 1133 4045 de
1152 3997 1201 4045 Po·

56 4083 188 4148 diebrath,
207 4082 383 4134 Bohsmurum
403 4084 481 4149 regis,
501 4084 629 4150 originem
650 4083 734 4133 duxit.
761 4085 796 4132 Et
815 4084 898 4148 ipsius
917 4083 1026 4133 loannis
1040 4091 1067 4134 et
1080 4084 1202 4150 coniugis

57 4174 173 4224 eiusdem
192 4172 347 4224 christinae
365 4173 507 4224 Olssnicue
532 4174 559 4221 in
585 4172 695 4223 silesiae
716 4175 781 4223 urbe
801 4173 925 4236 sepulcra
950 4180 1064 4234 exstant,
1089 4189 1201 4238 quorum

57 4261 137 4313 altero
157 4262 316 4327 inscriptum
330 4270 372 4313 est
385 4261 549 4312 Christinam
568 4278 592 4311 a.
616 4261 681 4312 1519
702 4272 802 4324 natam,
822 4277 845 4313 a.
867 4260 936 4312 1536
953 4270 1072 4326 nuptam,
1091 4278 1115 4312 a·
1130 4261 1204 4315 1556

59 4360 188 4402 mortuam
208 4367 273 4402 esse.

161 4438 172 4466 ⁴
192 4441 223 4488 ln
242 4439 311 4489 libro
332 4448 373 4489 est
393 4445 504 4504 „quae“.

161 4525 172 4555 ⁶
190 4528 289 4578 Durior
308 4529 472 4579 constructio
493 4544 538 4591 pro
557 4526 608 4577 his:
627 4544 705 4592 quem
719 4529 847 4578 Liuianis
867 4536 994 4592 tanquam
1015 4534 1040 4578 te
1060 4528 1199 4594 suspiciat.
