3016 5310
180 453 296 505 xxxv1
677 470 831 505 murum.

180 541 319 547 —-—
345 538 1332 547 --—-———--...--—..—...--—..-—--——--—-——-

180 553 349 560 ——-
647 550 1331 560 .--————-———-—-———————-

179 675 230 729 ter
253 687 318 728 non
342 686 420 745 esse,
452 663 540 728 unde
562 665 665 728 vitam
694 669 867 741 sustentet,
900 664 1054 748 quoniam
1083 664 1169 728 inter
1200 663 1332 727 assidui

180 771 257 836 belli
281 771 394 836 turbas
417 772 561 835 maxima
585 793 751 836 sacrorum
774 770 938 835 redituum
962 781 1053 857 parte
1076 770 1250 835 destitutus
1275 771 1331 835 sit.

178 878 267 960 Rex,
299 888 335 940 ut
357 875 555 964 plerumque,
586 878 803 943 cunctabatur
834 900 966 964 remque
997 879 1031 940 in
1063 899 1165 941 annos
1196 876 1328 941 extrahi

181 985 320 1066 sinebat,
353 985 423 1048 sive
446 985 532 1070 quod
556 985 679 1073 Royzio
702 985 978 1073 archipresbyteri
1003 983 1161 1048 reditibus
1186 1006 1244 1068 pro
1267 984 1337 1047 sti-

179 1091 297 1180 pendio
322 1091 377 1155 illo
401 1093 479 1155 satis
503 1093 670 1179 provisum
695 1114 766 1156 esse
789 1114 981 1178 persuasum
1004 1091 1127 1174 habuit,
1151 1092 1221 1154 sive
1236 1089 1328 1175 quod

180 1199 342 1265 aerarium
366 1199 493 1283 regium
517 1210 585 1263 tum
610 1200 767 1285 pecuniae
790 1199 928 1286 penuria
950 1198 1120 1264 laborabat
1151 1198 1211 1281 (ΙΙ,
1235 1200 1327 1261 27-

181 1307 237 1387 313
262 1305 416 1385 23-25).

287 1411 412 1476 Eodem
435 1411 505 1475 fere
527 1423 680 1498 tempore,
711 1436 775 1498 quo
805 1413 949 1501 Royzius
973 1411 1238 1499 archipresbyter
1260 1409 1329 1474 vil-

179 1520 299 1603 nensis,
322 1519 419 1583 etiam
436 1517 618 1585 Stanislaus
633 1517 845 1602 Carncovius,
869 1541 1007 1604 magnus
1023 1520 1109 1604 regis
1131 1517 1335 1583 secretarius-

180 1627 337 1712 regnique
361 1625 612 1699 referendarius,
644 1627 814 1712 episcopus
838 1626 1036 1690 cuiaviensis
1060 1636 1108 1689 est
1133 1635 1260 1689 creatus
1285 1627 1329 1706 (a.

182 1735 289 1814 1567).
327 1732 371 1807 Is,
401 1731 566 1818 quondam
591 1732 705 1820 Royzii
739 1733 773 1796 in
797 1732 966 1796 academia
989 1733 1191 1797 cracoviensi
1224 1730 1329 1795 disei-

180 1839 285 1927 pulus,
309 1839 427 1903 Vilnae
449 1849 480 1903 et
505 1838 634 1925 publice
659 1841 692 1902 in
717 1839 847 1904 iudiciis
871 1838 1141 1904 cancellariorum
1165 1849 1197 1903 et
1212 1839 1328 1924 priva-

180 1948 239 2010 tim
263 1947 459 2011 amicissim‘e
483 1969 521 2011 eo
538 1947 690 2010 utebatur
705 1946 960 2033 magistrumque
976 1957 1121 2011 veterem
1137 1968 1201 2009 non
1218 1943 1327 2009 solum

180 2053 222 2118 ob
245 2075 337 2116 suam
361 2053 395 2115 in
419 2076 494 2117 eum
518 2052 678 2138 pietatem,
703 2052 760 2117 sed
783 2054 881 2117 etiam
898 2064 1030 2140 propter
1045 2054 1189 2116 animum
1206 2051 1334 2115 litteris

180 2158 349 2225 excultum
373 2181 563 2245 morumque
586 2160 780 2245 probitatem
802 2160 964 2246 fidemque
988 2160 1178 2224 devinctum
1209 2157 1328 2223 habuit

181 2265 278 2350 (conf.
294 2266 338 2351 ΙΙ,
364 2268 427 2330 165
444 2270 510 2352 sq).
534 2267 648 2352 Itaque
671 2266 863 2352 dignitatem
888 2268 958 2331 eius
982 2279 1111 2331 auctam
1129 2266 1272 2354 Royzius
1290 2266 1327 2329 in

182 2374 344 2461 prosperis
360 2375 546 2437 numeravit
561 2385 593 2438 et
609 2374 810 2438 carminibus
826 2385 874 2438 est
890 2385 1079 2461 prosecutus
1096 2372 1152 2457 (II,
1163 2374 1226 2436 166
1235 2375 1329 2458 sqq).

181 2481 280 2546 Brevi
304 2490 391 2566 post,
423 2501 524 2564 ann0,
555 2482 678 2566 opinor,
712 2482 806 2564 1568,
837 2481 935 2544 etiarn
959 2480 1107 2544 Volborii
1139 2478 1225 2565 apud
1249 2501 1332 2542 eum

181 2586 443 2653 commorabatur
465 2587 606 2673 indeque
628 2587 819 2652 Decisiones
848 2609 923 2651 suas
946 2587 1120 2651 lituanicas
1152 2609 1218 2650 una
1248 2608 1327 2650 cum

180 2694 304 2759 idoneis
328 2694 529 2758 carminibus
553 2694 640 2757 misit
665 2694 838 2758 Vincentio
863 2718 882 2758 a
905 2695 1045 2768 Porticu
1072 2694 1126 2758 Pii
1149 2694 1181 2757 V
1204 2692 1246 2756 ad
1270 2714 1328 2756 co·

180 2801 273 2865 mitia
295 2799 492 2865 lublinensia
515 2823 543 2864 a.
569 2802 654 2866 1569
677 2798 1071 2885 legat0·(11,300-302).
1094 2799 1247 2866 Ceterum
1262 2800 1334 2865 iter

181 2930 201 2971 a
223 2907 346 2996 Royzio
370 2906 411 2970 ad
435 2905 656 2971 Oarncovium
680 2918 867 2994 susceptum
891 2907 1063 2972 cohaerere
1087 2906 1219 2971 videtur
1249 2927 1328 2971 cum

182 3038 281 3080 causa
303 3014 436 3101 publica
459 3015 589 3079 urbium
613 3016 774 3098 Prussiae,
798 3016 957 3101 imprimis
981 3014 1119 3098 Gedani,
1142 3036 1226 3100 quae
1246 3037 1328 3100 quo-

182 3124 269 3186 niam
293 3144 367 3187 cum
392 3121 515 3186 ultimis
539 3121 654 3210 Royzii
678 3122 766 3186 vitae
790 3124 884 3187 amris
908 3123 1154 3208 carminumque
1170 3121 1240 3185 eius
1256 3144 1328 3186 am-

181 3228 283 3316 pliore
306 3231 389 3293 serie
412 3229 450 3313 (l,
474 3230 665 3311 269-311)
688 3229 790 3293 artius
811 3229 968 3311 cohaeret,
992 3229 1178 3293 accuratius
1194 3229 1260 3292 iam
1276 3240 1329 3293 est

181 3334 385 3421 explicanda.

288 3441 518 3526 Sigismundus
549 3444 718 3528 Augustus
749 3464 817 3525 rex,
849 3464 924 3506 cum
960 3444 1046 3505 inter
1068 3443 1222 3506 continua
1254 3440 1333 3506 fere·

181 3571 255 3613 cum
280 3549 393 3615 Suecis
417 3549 601 3634 Moscisque
624 3548 710 3614 bella
732 3571 821 3613 oram
847 3551 939 3634 regni
959 3550 1156 3612 maritimam
1172 3549 1328 3615 tutiorem

181 3656 317 3721 reddere
339 3654 545 3740 hostiumque
568 3657 764 3720 commercia
786 3655 944 3742 impedire
968 3654 1083 3739 vellet,
1115 3654 1325 3720 classiculam

180 3763 223 3826 ad
246 3763 417 3829 (ledanum
442 3761 608 3826 aedificari
632 3763 734 3826 iussit.
757 3762 859 3828 Cuius
875 3773 1051 3827 exornatae
1067 3763 1238 3849 imperium
1255 3785 1332 3827 ma-

181 3871 324 3934 ritimum
361 3893 419 3932 suo
454 3868 633 3954 praefecto,
672 3869 929 3934 iurisdictionem
965 3872 1122 3935 urbanam
1157 3867 1333 3953 Clefeldio,

181 3977 269 4062 regio
293 3975 421 4041 Gedani
444 3974 647 4061 burggravio
677 3976 846 4063 eidemque
877 3976 968 4042 urbis
1000 3976 1125 4040 consuli
1154 3977 1331 4040 commisit,

181 4083 246 4150 Sed
269 4082 489 4167 Gedanenses,
513 4105 616 4146 unum
640 4082 673 4146 id
698 4094 888 4169 spectantes,
913 4105 953 4146 ne
976 4082 1054 4147 belli
1077 4081 1182 4148 turbis
1199 4104 1326 4147 merca·

181 4205 274 4256 turae
296 4192 441 4277 ipsorum
465 4189 635 4255 commoda
657 4189 851 4273 laborarent,
875 4191 1027 4254 exornari
1051 4212 1171 4253 novam
1187 4188 1327 4254 classem

182 4297 315 4363 moleste
327 4297 477 4362 ferebant
494 4297 740 4384 classiariosque
757 4298 893 4363 sceleste
909 4319 1006 4383 agere
1021 4297 1222 4383 hospitioque
1234 4296 1329 4362 urbis

181 4405 271 4469 abuti
303 4405 389 4493 apud
420 4427 531 4490 regom
561 4406 652 4490 queri
688 4429 753 4470 non
785 4404 1050 4469 intermittebant.
1088 4403 1256 4466 Postremo
1287 4425 1330 4468 eo

179 4522 314 4577 ventum
338 4523 394 4593 est,
419 4522 454 4576 ut
477 4511 665 4594 Olefeldius,
690 4513 813 4576 civium
837 4533 968 4575 suorum
993 4511 1110 4574 animis
1131 4508 1332 4594 concedens,
