3016 5310
163 510 366 517 .......————

210 635 277 720 Ins,
301 657 367 699 non
390 633 476 721 quod
501 635 675 719 quiequam
698 633 856 700 adieeisse
879 636 1029 722 Papirius
1051 638 1116 703 illis

210 743 360 826 Dicatur,
382 763 496 806 verum
519 741 606 827 quod
630 764 759 827 sparsas
783 741 929 826 undique
951 743 1039 830 leges

209 848 349 934 Collegit
372 847 484 913 sollers
507 847 690 933 librumque
713 847 838 934 redegit
861 850 896 912 in
919 873 1030 915 unum.

210 956 289 1020 Post
312 954 430 1020 deinde
453 956 577 1019 exactis
600 977 734 1018 romana
756 955 890 1040 regibus
914 956 994 1022 urbe
1017 997 1060 1005 -

163 1092 176 1126 ·.
213 1062 356 1126 Tantum
378 1061 547 1149 Tarquinii
571 1062 742 1148 imperium
766 1062 898 1127 erudele
922 1063 1060 1150 Superbi

211 1169 394 1234 Promeruit
417 1170 549 1255 natique
572 1168 685 1233 furens
708 1178 739 1233 et
764 1190 862 1233 eaeoa
885 1169 987 1234 libido
1009 1209 1054 1218 —

211 1276 340 1362 Regum
362 1275 436 1339 odio
458 1275 554 1361 legesr,
578 1275 669 1339 urbis
693 1297 849 1362 compage
873 1276 986 1360 soluta,

213 1382 342 1447 Exutae
364 1382 508 1469 imperiis
531 1392 563 1446 et
586 1382 692 1447 fasces
716 1404 835 1468 ponere
858 1383 975 1469 iussae,

212 1489 350 1554 Romam
373 1489 581 1575 indignantes
605 1488 827 1575 Capitoliaque
850 1489 916 1554 alta
939 1490 1135 1578 relinquunt.

163 1619 181 1659 r.
213 1596 307 1660 Dura
330 1596 535 1660 tribunorum
558 1595 612 1660 lex
636 1606 730 1681 urget
752 1608 784 1660 et
807 1597 910 1682 exigit
933 1597 1022 1662 urbe.

301 1703 431 1767 Ineerto
454 1714 533 1767 tuno
556 1704 626 1766 iure
650 1703 762 1788 magis,
787 1726 851 1766 non
875 1702 1002 1789 legibus
1027 1703 1111 1788 ullis,

214 1809 335 1874 Vivere
357 1809 479 1873 turbati
502 1832 615 1873 rursus
639 1830 772 1895 coepere
795 1808 948 1895 Quirites,

212 1916 320 1996 (Quam
344 1938 420 1981 eum
444 1916 521 1980 olim
543 1915 642 1980 nullis
665 1916 826 2001 agitarent
849 1916 976 2003 legibus
1000 1940 1126 2000 aevum,

214 2024 334 2111 Sponte
356 2035 414 2088 tua
437 2024 571 2088 arbitria
594 2033 625 2087 et
648 2033 713 2108 tua,
735 2022 881 2109 Romule,
904 2024 994 2087 iussa
1018 2025 1129 2089 secuti.

163 2152 181 2192 ··.
216 2130 342 2216 Viginti
365 2129 427 2195 hoo
451 2153 553 2194 annos
575 2131 680 2216 passis
703 2145 810 2216 prope,
833 2129 898 2195 tale
920 2131 1042 2217 perosis

215 2237 356 2302 Vivendi
379 2260 492 2324 genus,
515 2236 675 2323 argolicas
698 2246 761 2300 stat
783 2238 911 2302 mittere
934 2237 976 2300 ad
1000 2237 1105 2302 urbes.

214 2344 277 2408 Per
300 2366 381 2430 quos
404 2343 587 2428 Graiorum,
611 2366 749 2430 quorum
770 2354 849 2408 tune
872 2366 975 2429 regna
996 2343 1152 2430 vigebant

214 2448 375 2533 Consiliis,
398 2449 494 2536 longe
517 2449 605 2536 leges
629 2473 798 2536 moresque
820 2461 980 2538 petantur,

217 2557 358 2643 Legibus
382 2568 417 2622 ut
441 2559 550 2642 graiis,
573 2567 609 2621 ut
632 2558 732 2643 graiis
756 2556 898 2621 moribus
922 2557 1037 2622 urbem

163 2683 182 2724 t.
216 2663 395 2728 Romanam
419 2663 558 2729 fundent
580 2662 781 2750 pulchraque
803 2665 838 2727 in
861 2686 941 2750 paee
964 2675 1129 2750 reponunt.

215 2768 340 2833 Allatas
363 2769 451 2856 leges
475 2792 643 2856 moresque
666 2794 707 2835 ex
732 2770 844 2834 ordine
868 2782 959 2833 not-os

213 2876 376 2941 Perseribi
398 2876 582 2963 tabulisque
605 2876 718 2941 deeem
741 2899 918 2963 proponere
941 2878 1070 2940 visum¹

214 2983 278 3047 Pro
301 2984 422 3068 restria,
446 2983 628 3070 populoque
651 2984 738 3047 (imni
762 2984 839 3048 dare
864 3005 995 3048 eernere
1018 3006 1136 3067 eoram,

214 3090 376 3177 Cognosti
398 3102 434 3154 ut
457 3089 555 3176 vulgo
579 3090 783 3176 perdiseique
806 3092 914 3154 omnia
936 3091 1068 3177 possint.

163 3217 183 3258 [Ι.
216 3196 336 3262 Eleetis
359 3206 431 3284 post
454 3196 572 3262 deinde
596 3198 675 3261 viris
699 3197 775 3261 data
798 3219 925 3260 summa
947 3206 1096 3282 potestas,

214 3304 270 3368 Ius
296 3326 459 3367 summum
483 3302 538 3368 illo
561 3327 655 3388 anno,
679 3302 793 3367 allatas
817 3326 978 3390 exponere
1001 3302 1102 3388 leges3

215 3411 394 3495 Praeterea,
419 3412 446 3474 si
470 3411 547 3497 quid
571 3411 722 3474 videatur
746 3410 855 3473 forsan
879 3411 913 3473 in
937 3409 1001 3473 illis

216 3516 395 3581 Romanam
418 3540 483 3581 uon
507 3517 591 3581 ferre
615 3515 738 3601 urbem,
761 3538 851 3580 mora
874 3516 974 3601 nulla,
999 3516 1148 3601 refigunt3

214 3622 269 3687 Nil
291 3632 447 3708 metuant,
469 3622 534 3687 illis
558 3625 710 3709 quoniam
734 3624 950 3688 statuentibus
975 3622 1078 3686 ullum

163 3749 182 3792 a.
218 3729 390 3817 Appellare
413 3731 514 3815 nefas,
537 3728 670 3795 tulerint
693 3751 917 3816 quaeeunque,
940 3728 1093 3814 tribunal,

215 3837 423 3923 Quamquam
446 3837 518 3900 aliis
542 3859 705 3899 summum
728 3836 789 3901 hoe
814 3836 952 3901 dicendo
983 3837 1018 3899 in
1048 3837 1119 3899 iure
1150 3858 1250 3921 nega-

998 3945 1079 4026 [tum
1101 3953 1159 4006 est.

216 4149 225 4179 ¹
244 4152 275 4201 ln
295 4148 364 4202 libro
383 4150 520 4201 Ossolineo
538 4159 636 4214 quarta
656 4149 712 4198 folii
732 4156 808 4214 parte
827 4150 918 4199 excisa
937 4147 1022 4197 solum
1035 4147 1113 4197 initia
1127 4160 1250 4197 versuum

166 4238 250 4292 -108
268 4247 449 4291 asserventur.
474 4240 598 4290 Ceterum
617 4254 670 4288 non
689 4239 761 4302 ipsas
787 4253 819 4287 er
843 4237 958 4288 Graecia
976 4236 1073 4287 allatas
1097 4235 1179 4302 leges,
1205 4233 1252 4284 sed

163 4330 301 4381 roemviris
323 4344 480 4396 graecarum
499 4329 603 4379 ratione
622 4326 717 4378 habita
736 4326 857 4376 conditas
877 4325 968 4376 decem
988 4325 1087 4376 tabulis
1108 4323 1253 4388 inscriptas

163 4436 168 4469 r
185 4421 269 4472 refert
286 4419 381 4469 Livius
399 4419 448 4484 ΙΙΙ,
468 4417 504 4468 33
523 4434 561 4483 sq.
580 4417 656 4467 eonr.
677 4415 796 4480 Madvig,
821 4414 871 4465 Die
891 4415 1056 4479 Verlassung
1075 4429 1101 4463 u.
1122 4415 1206 4463 Verw.
1226 4411 1254 4461 d.

163 4511 188 4559 it
206 4505 300 4574 1,499
321 4524 387 4573 sqq.;
405 4507 441 4571 ll,
461 4505 519 4559 149.
