3016 5310
292 658 439 722 Plurima
463 680 543 744 quos
566 657 711 743 sequitur
734 656 846 742 clipeis
870 667 995 720 armata
1017 657 1180 738 iuventus,

192 787 260 829 140.
291 767 436 850 Argento
459 763 571 850 clipeis
595 762 707 846 solide,
730 785 868 848 quorum
891 762 1022 828 aethera
1047 762 1171 828 candor

292 869 459 953 Verberat,
483 879 717 956 exsuperatque
740 869 892 933 micantis
914 867 1039 933 lumina
1063 868 1149 932 solis.

294 978 391 1040 Hunc
416 985 522 1062 stupet
545 974 624 1039 urbs
647 977 760 1055 omnis,
784 997 865 1060 gaza
888 985 919 1039 ct
942 977 1079 1040 miratur
1102 976 1137 1038 in
1161 975 1241 1061 ipsa

381 1082 476 1146 Multi
502 1081 566 1166 alii,
588 1104 669 1168 quos
692 1092 740 1146 est
762 1082 896 1167 longum
919 1104 1099 1165 numerare,
1124 1082 1228 1145 secuti

293 1186 455 1254 Sublirnes
478 1189 511 1251 in
536 1189 635 1275 equis,
659 1198 808 1274 ostroque
832 1210 975 1274 auroque
998 1187 1107 1253 decori

253 1345 261 1360 .
292 1295 334 1358 Et
358 1294 454 1379 longo
477 1295 578 1381 saepti
603 1296 758 1359 cinnitatu
781 1305 813 1359 et
835 1294 973 1358 fortibus
997 1295 1106 1358 armis.

383 1401 444 1464 His
467 1403 610 1487 equiturn
635 1402 750 1465 turmis
773 1425 830 1466 rex
855 1412 961 1466 castra
983 1402 1072 1465 venit
1096 1400 1138 1465 ad
1161 1401 1241 1486 ipsa,

294 1508 386 1587 Quae
410 1530 524 1594 campo
547 1510 581 1571 in
605 1508 711 1572 medio
735 1508 864 1573 stabant
887 1509 958 1592 tria,
982 1516 1223 1571 morevetusto

293 1615 367 1678 Non
389 1614 502 1700 procul
526 1616 670 1678 amaris
695 1614 793 1699 urbis,
818 1615 904 1679 celso
927 1614 1014 1679 edita
1039 1613 1138 1698 caele,

293 1721 439 1807 Indeque
462 1722 608 1805 reginam
632 1722 730 1784 misso
754 1731 878 1785 oratore
902 1721 1029 1785 salutat.

382 1828 451 1892 Nee
475 1829 582 1891 minus
605 1827 669 1903 hic,
693 1828 808 1892 mediis
832 1827 910 1891 dum
927 1851 985 1892 rex
1000 1836 1166 1914 exspectat
1182 1827 1218 1891 in
1233 1848 1287 1913 agr

293 1933 468 1999 Officiosus
491 1956 589 2019 eques
612 1934 756 1999 Balicem
779 1936 867 2021 petit,
890 1935 1012 1998 arduus
1035 1935 1104 1999 acri

292 2042 416 2105 Vectus
439 2063 521 2127 equo
545 2042 664 2106 celeres
687 2044 861 2128 praevertit
885 2041 1035 2107 cursibus
1058 2063 1164 2125 auras,

292 2148 339 2212 Ut
361 2149 429 2232 regi
453 2149 580 2232 referat,
604 2161 744 2234 quantus
768 2149 865 2214 decor
887 2150 952 2213 oris
975 2148 1142 2234 honosque

292 2254 436 2338 Reginae
460 2254 577 2338 sedeat,
602 2278 684 2341 quae
708 2265 865 2342 augustae
888 2257 993 2341 gratis
1016 2255 1142 2320 frontis.

251 2411 258 2424 .
292 2360 488 2425 Accendunt
509 2384 627 2447 regem,
652 2385 731 2427 cura
754 2364 809 2449 qui
834 2363 964 2426 saucius
988 2362 1057 2426 acri

293 2466 512 2531 Iamdudum
535 2478 582 2532 est
606 2469 710 2553 magis
733 2480 830 2555 atque
854 2469 966 2553 magis,
997 2490 1080 2553 quae
1111 2467 1250 2554 quisque
1278 2489 1287 2530 1

1114 2576 1240 2661 [portat.

293 2680 416 2763 Uritur,
440 2681 652 2766 ingentesque
675 2681 795 2744 auditis
819 2683 959 2768 concipit
983 2683 1084 2766 ignes,

292 2786 362 2850 Nec
386 2787 520 2850 sufferre
544 2810 649 2850 moras
673 2810 729 2850 rex
754 2788 818 2850 iam
843 2787 927 2852 valet
950 2787 1089 2873 amplius
1113 2786 1206 2851 ullas.

294 2894 428 2956 Incusat
451 2893 586 2978 caelum,
609 2894 702 2979 pigro
726 2894 812 2980 quod
836 2894 1001 2959 volvitur1
1024 2918 1095 2978 axe,

254 3051 260 3063 .
293 3000 489 3086 incusatque
513 3002 601 3064 viam
625 3003 820 3087 spatiosiqnc
843 3024 982 3088 aequora
1006 3002 1122 3088 campi,

293 3107 385 3186 Quae
407 3107 543 3192 pulchra
567 3132 586 3171 a
608 3109 719 3173 Balice
743 3121 810 3173 tam
832 3109 927 3195 longe
950 3108 991 3172 sd
1016 3120 1123 3173 castra
1147 3129 1287 3196 supersui

292 3215 356 3277 Ter
378 3213 480 3277 voluit
503 3239 625 3279 morem
648 3227 678 3280 et
702 3227 814 3280 notum
838 3203 1020 3280 rescindere
1044 3217 1152 3300 ritum,

293 3320 451 3383 Immissis
475 3331 506 3385 ct
528 3345 611 3408 equo
634 3322 778 3386 Balicem
802 3345 895 3387 ruere
919 3334 1011 3387 actus
1034 3322 1184 3387 habenis:

293 3425 435 3491 Consilio
457 3439 505 3490 ter
529 3451 571 3511 se,
594 3438 643 3491 ter
666 3452 700 3492 se
724 3430 847 3493 ratione
871 3431 1030 3515 repressit,

190 3555 258 3597 res.
290 3533 425 3617 Antiqui
448 3557 489 3597 ne
513 3536 591 3619 quid
615 3537 713 3598 moris
738 3537 861 3600 ritusve
884 3536 1019 3601 refellat.

382 3639 541 3704 Ocusessu
566 3643 687 3706 interea
711 3645 776 3706 iam
798 3643 931 3729 longum
955 3645 1026 3707 visa
1048 3646 1177 3730 morari,

290 3745 465 3832 Postquam
489 3746 592 3832 epulis
616 3748 751 3834 depulsa
774 3750 876 3813 fames
901 3752 1084 3837 mensisque
1107 3762 1249 3817 remotas

290 3851 446 3916 Albentes
471 3877 604 3940 mappas
629 3855 748 3920 celeres
773 3857 916 3942 plicuere
939 3859 1080 3922 ministri

292 3958 403 4043 Surgit
427 3962 540 4045 regina
563 3971 594 4026 ct
618 3963 750 4026 comites
773 3963 863 4027 iubet
886 3965 976 4028 ocius
1001 3988 1112 4029 omnes

190 4085 259 4129 rac.
293 4064 456 4131 Scandere
479 4091 586 4153 equos.
618 4070 716 4133 Dicto
741 4070 894 4134 festinant
918 4073 1009 4136 ocius
1032 4095 1143 4136 ornnes

290 4172 525 4260 Subiciuntque
549 4176 582 4237 in
606 4198 704 4261 equos
728 4188 896 4263 properato
920 4202 1054 4266 corpora
1079 4180 1173 4244 saltu.

290 4278 360 4363 Illa,
384 4279 630 4367 puellarumque
654 4292 685 4345 et
708 4294 848 4347 matrum
873 4297 983 4372 saepta
1007 4308 1134 4371 corona,

177 4447 390 4458 ——.——

292 4508 302 4537 ¹
320 4510 467 4562 indicativo
486 4510 563 4562 modo
582 4512 667 4563 utitur
686 4530 733 4580 pro
752 4515 931 4569 coniunctivc.
