3016 5310
284 653 469 737 lincuntur,
492 675 587 740 quem
611 676 676 717 non
700 655 905 737 germanicus
930 654 1031 720 ambit
1054 658 1202 742 amictus,

336 760 466 824 Moenia
490 761 517 824 si
541 760 670 826 (ledani
694 761 776 826 forte
800 760 909 826 subire
932 763 1033 847 iuvat,

285 868 328 931 Et
350 889 447 953 quem
470 866 623 953 pileolum
647 868 863 954 gracilentum
886 880 943 932 aut
966 891 1070 934 uncus
1094 870 1211 934 aeinax

203 997 250 1040 so.
333 975 385 1040 De
408 975 525 1061 priscis
548 975 651 1039 Lechi
674 975 825 1060 gentibus
848 998 918 1040 esse
942 976 1044 1040 docet.

285 1083 377 1146 Laxa
400 1082 515 1166 ferant,
538 1105 619 1168 opus
642 1092 700 1167 est,
723 1082 946 1168 discinctaque
968 1082 1068 1168 pallia
1088 1093 1233 1168 verrant7

336 1188 430 1269 Quae
452 1199 571 1253 terram
594 1199 626 1253 et
649 1188 730 1252 talos
755 1189 981 1275 pulverulenta
1005 1201 1118 1254 terant.

284 1294 386 1361 Cuius
409 1318 474 1359 non
497 1306 654 1359 monstrat
679 1297 778 1360 vestis
801 1297 989 1381 germanica
1012 1307 1150 1382 gentem,

337 1400 508 1466 Abstineat
532 1401 660 1466 Gedani
684 1403 853 1467 moenibus
877 1402 931 1467 ille
955 1401 1076 1489 procul.

203 1530 249 1572 as.
290 1508 355 1587 Qui
379 1508 502 1594 caligas
525 1508 627 1573 multo
651 1509 723 1574 velo
747 1533 811 1573 non
836 1511 952 1574 sarciat
976 1510 1057 1573 imos

338 1615 391 1680 Ad
414 1615 504 1699 talos,
528 1615 593 1680 illis
616 1615 671 1680 ille
694 1616 835 1680 Polonus
860 1618 928 1681 erit.

284 1721 421 1787 Calceus
445 1723 603 1787 incurvus
628 1725 789 1809 vestisque
814 1725 946 1787 astricta
970 1722 1118 1787 cavenda
1141 1733 1201 1807 est,

338 1829 480 1894 Lechica
503 1840 668 1915 suspectos
693 1830 837 1915 stragula
861 1829 929 1894 sola
952 1831 1039 1894 facit.

285 1935 358 2015 Quo
381 1938 518 2022 portaris
542 1960 632 2022 equo,
656 1947 812 2001 monstret
836 1938 899 2000 nisi
924 1937 1030 2000 sidera
1054 1936 1169 2020 cauda,

205 2065 249 2106 so.
333 2044 383 2108 Nc
407 2066 515 2107 muros
540 2044 668 2109 subeas:
694 2043 769 2108 iude
793 2044 934 2107 Polonus
958 2044 1030 2107 eris,

287 2150 407 2235 Iussus,
431 2153 457 2214 si
481 2174 562 2237 quas
586 2152 661 2236 fere,
685 2153 821 2237 scriptas
846 2161 1024 2214 monstrare
1047 2149 1193 2234 tabellae,

337 2258 475 2322 Prorsus
499 2257 540 2322 ad
565 2257 730 2322 abstrusos
754 2259 919 2322 excutiere
943 2258 1046 2321 sinus:

286 2365 460 2450 Formidat‚
484 2387 567 2451 quae
591 2366 632 2428 sit
655 2365 773 2449 legatio
798 2387 883 2449 vera,
908 2375 1047 2448 senatus,

337 2471 434 2536 Plebs
459 2474 539 2537 sciat
563 2473 659 2558 inque
683 2473 785 2536 malos
808 2483 954 2558 torqueat
978 2493 1068 2535 arma
1092 2480 1208 2556 patres.

205 2601 249 2642 ss.
281 2579 388 2642 Mittat
412 2579 527 2643 militia
551 2589 691 2642 annates
715 2602 734 2642 a
757 2601 833 2665 rege
857 2580 986 2643 iubetur

339 2686 477 2767 Ediotis3
501 2709 566 2750 nou
589 2686 660 2749 vult
684 2688 809 2750 mittere
833 2686 957 2750 militia.

284 2792 373 2872 Quin
397 2793 488 2858 addit
512 2816 662 2857 numeros
687 2795 839 2871 numeris,
864 2816 953 2857 arma
977 2794 1076 2858 adicit
1100 2793 1207 2876 armis,

338 2900 611 2986 Complenturque
634 2902 738 2986 magis
762 2903 889 2964 moenia
913 2900 1077 2964 militibus.

284 3008 457 3095 Missaque,
480 3028 562 3094 quac
585 3007 643 3071 hos
667 3008 775 3094 populi
800 3009 923 3093 possint
948 3030 1151 3093 compescere
1176 3019 1296 3087 motus⁷

204 3137 250 3179 so.
334 3115 436 3202 Affigi
460 3117 571 3180 rostris
595 3117 684 3202 regia
708 3116 795 3179 iussa
820 3126 916 3180 vett.

286 3222 425 3307 Legatos
450 3223 567 3287 adeant
592 3225 619 3286 si
643 3224 698 3309 qui
723 3235 815 3288 extra
839 3224 973 3306 moenia,
997 3222 1114 3308 grandi

338 3329 447 3394 Poena
470 3328 677 3417 plectendum
702 3330 844 3394 creditur
868 3352 938 3394 esse
962 3330 1062 3393 nefas,

288 3438 390 3500 Fraus
414 3436 592 3523 legatorum
617 3439 679 3501 fuit
701 3439 806 3523 ipsum
832 3439 989 3522 attingere
1013 3435 1110 3499 limen

339 3544 588 3631 Suspectusque‚
613 3568 711 3609 ausus
735 3545 870 3631 quilibet
893 3543 976 3608 illud
1000 3552 1076 3608 erat.

203 3673 250 3715 ss.
286 3651 376 3716 Haec
399 3675 508 3716 rerum
532 3663 579 3716 est
604 3653 704 3717 facies
729 3652 975 3738 dentiscanique
999 3651 1127 3731 furoris,

273 3847 275 3851 7
339 3756 394 3823 Sic
418 3759 536 3822 almam
561 3760 595 3822 iu
619 3760 712 3823 terris
736 3783 816 3845 gens
841 3760 916 3824 colit
940 3758 996 3822 illa
1020 3757 1126 3820 fidem.

285 3866 449 3952 Despecti‚
474 3867 571 3952 spreti
596 3866 693 3951 legati
717 3868 844 3930 moenia
867 3866 963 3951 longe

338 3974 512 4058 Aspiciunt
536 3973 672 4056 Gedani,
697 3996 836 4059 ruraque
860 3984 951 4037 vasta
975 3982 1096 4053 tenent,

284 4080 376 4144 Dant
397 4079 536 4144 humiles
561 4081 657 4145 villae
680 4079 856 4166 hospitium
880 4082 1069 4166 famosaque
1093 4089 1186 4161 tecta,

203 4208 250 4251 co.
334 4186 432 4251 Nullo
456 4197 487 4252 et
512 4211 592 4273 quas
616 4189 735 4252 struxit
759 4189 900 4252 rusticus
924 4210 997 4252 nere
1021 4210 1122 4251 casas.

286 4292 359 4372 Quo
383 4294 484 4358 vitam
508 4294 642 4359 tolerent
666 4295 841 4380 sedentque
865 4295 1014 4379 sitimque
1038 4295 1234 4378 farnemquq.

338 4401 497 4465 Dantisco
520 4424 562 4466 ex
585 4403 672 4487 agris
698 4401 776 4465 urbe
800 4412 938 4486 negante
961 4412 1082 4488 petunt.

285 4506 354 4593 Ille,
377 4507 460 4571 hosti
484 4531 587 4595 nuper
610 4509 665 4594 qui
688 4508 789 4572 lautia
812 4509 900 4571 misit
923 4508 1029 4591 Enoc,
