3016 5310
1043 535 1047 540 .
1057 534 1210 541 -.---...-...,
1234 534 1303 541 ...n--

431 662 600 745 Augustus
623 661 697 746 pius
721 670 769 724 est
791 658 880 724 hand
903 658 1099 742 dedignatus
1123 659 1264 724 amicum

432 768 508 832 Huc
530 768 752 833 Orasnistavio
775 790 845 831 sese
868 789 926 831 rex
950 766 1035 830 ferre
1056 766 1170 830 relicto

431 874 473 938 Et
496 873 656 938 thalamos
679 873 843 938 celebrare
865 883 946 937 tuos.
971 871 1075 939 Simul
1097 872 1212 936 inclita
1233 873 1356 937 coniux

350 1003 397 1045 aa.
429 980 519 1045 Urbe
542 982 631 1045 venit
654 980 762 1065 Vilna,
786 981 968 1044 austriacas
990 978 1168 1046 Catharina
1190 985 1356 1066 propag0¹

432 1088 553 1173 Magna
576 1087 700 1152 domus.
731 1086 927 1172 Iagellonias
950 1097 982 1151 et
1005 1086 1119 1151 adesse
1142 1086 1267 1174 puellas

430 1196 571 1281 Aspicis,
595 1206 769 1279 augustum
792 1217 904 1279 genus,
936 1204 984 1258 est
1008 1204 1039 1258 et
1062 1194 1209 1282 quisquis
1233 1193 1355 1280 ubique

432 1301 593 1368 Sarmatia
615 1302 649 1365 in
673 1324 792 1387 magna
816 1302 933 1365 nostris
957 1300 1176 1365 memorabilis
1198 1301 1304 1383 annis,

430 1407 538 1488 Quem
561 1431 626 1472 non
650 1419 705 1473 aut
728 1409 858 1495 privata
881 1408 969 1471 domi
990 1430 1042 1471 res
1066 1408 1207 1492 distinet,
1231 1417 1288 1471 aut
1311 1430 1363 1473 res

393 1565 400 1578 .
430 1514 569 1579 Publica
591 1524 784 1579 tractantem
807 1514 895 1600 leges
918 1516 1073 1600 pacisque
1095 1523 1240 1579 tuentem

431 1621 515 1706 Otia,
539 1622 707 1708 suppliciis
731 1622 924 1709 plectentem
948 1632 979 1686 et
1003 1644 1133 1686 earcere
1157 1631 1274 1707 sentes,

431 1730 499 1792 Aut
523 1730 745 1815 importunum
767 1728 939 1814 pellentem
963 1728 1083 1793 finibus
1106 1728 1239 1814 hostem,

432 1835 508 1901 Sive
530 1836 683 1900 valetudo
707 1836 829 1899 fessum
852 1845 939 1900 tenet
962 1846 993 1899 et
1016 1837 1126 1919 gravia
1149 1845 1247 1919 aetas,

432 1942 594 2028 Linquere
617 1965 668 2007 res
688 1966 771 2029 quae
794 1942 961 2006 hominum
986 1965 1164 2029 curareque
1187 1943 1324 2006 numina
1347 1942 1469 2006 suadet.

519 2050 584 2114 Hic
606 2049 666 2113 tibi
690 2051 746 2136 qui
769 2051 912 2114 ausoniis
936 2050 1010 2114 tulit
1033 2051 1147 2114 inclita
1170 2070 1307 2114 munera
1330 2050 1435 2133 terris,

431 2155 501 2223 Rex
524 2157 681 2243 Auguste,
704 2167 794 2220 tuam
817 2156 964 2243 gaudens
988 2157 1175 2243 contingere
1198 2155 1358 2242 dextram,

432 2263 592 2328 Aemilius
615 2263 813 2348 Malvezusa,
837 2264 907 2327 avis
930 2274 962 2328 et
985 2274 1152 2328 stemmate
1176 2263 1285 2328 clarus

432 2371 603 2454 Malorum,
627 2371 724 2435 factis
749 2371 805 2457 qui
829 2395 898 2435 sese
921 2370 1066 2435 attollere
1089 2370 1179 2436 caelo

433 2479 625 2564 Aggressus,
649 2479 791 2564 flagrans
815 2479 932 2543 animis
955 2488 986 2543 et
1009 2490 1139 2565 pectore
1161 2488 1264 2543 certat

350 2605 397 2647 ro.
429 2584 565 2649 Famam
587 2595 761 2649 venturum
784 2584 849 2649 late
871 2587 1088 2650 transmittere
1112 2584 1265 2667 saeclum,

431 2691 505 2755 Non
529 2693 650 2756 invitus
674 2692 766 2757 adest
788 2692 923 2756 thalami
946 2704 977 2757 et
1000 2692 1104 2757 bonus
1127 2702 1225 2778 auget
1247 2691 1396 2757 honores.

521 2798 564 2862 Et
585 2809 621 2862 tu
644 2799 834 2864 Prerembi³
857 2801 1000 2884 antistes,
1024 2800 1078 2863 eui
1102 2799 1250 2865 Sarmata
1274 2798 1404 2863 nullum

431 2904 625 2969 Praetulerit
648 2929 827 2992 procerum,
851 2905 957 2971 duleis
980 2907 1035 2992 qui
1059 2904 1228 2970 commoda
1250 2916 1344 2972 curet

431 3011 511 3076 Plus
534 3013 658 3098 patriae
681 3036 801 3098 augere
823 3023 855 3078 et
878 3014 1001 3100 priscos
1026 3023 1161 3077 conetur
1182 3011 1330 3098 honores,

391 3169 398 3182 .
430 3118 599 3205 Quemque
622 3121 736 3206 magis,
760 3121 935 3206 quiequam
959 3121 1087 3184 eveniat
1111 3121 1138 3184 si
1161 3119 1277 3184 durius
1301 3143 1448 3207 unquam

431 3225 541 3290 Rebus
565 3228 755 3311 sarmaticis,
779 3227 984 3291 incommoda
1006 3227 1138 3314 publica
1161 3227 1302 3312 turbent,
1319 3267 1359 3276 -—

432 3333 597 3398 Prerembi
622 3335 763 3419 antistes,
790 3373 830 3382 -
854 3358 917 3420 quo
940 3334 1087 3421 praesule
1111 3334 1246 3400 Chelma
1268 3333 1365 3399 beata
1387 3346 1446 3419 est,

433 3440 602 3528 Quemque
625 3441 688 3504 sibi
710 3442 775 3504 iam
800 3440 924 3504 dudum
948 3452 1045 3527 optat,
1077 3463 1216 3528 moxque
1244 3442 1345 3506 affore
1368 3451 1471 3506 certat

430 3544 565 3612 Gnezna
588 3570 693 3633 suum,
716 3547 859 3612 arbitriis
883 3548 993 3611 orbem
1017 3546 1205 3612 melioribus
1228 3569 1358 3612 omnem

435 3726 443 3754 ¹
462 3726 583 3777 Barbara
595 3726 707 3777 Gastold
721 3727 753 3777 de
767 3727 844 3777 domo
862 3725 1012 3789 Radziwill,
1032 3724 1119 3777 altera
1134 3724 1298 3791 Sigismundi
1316 3740 1393 3788 uxor,
1406 3724 1474 3775 obiit

326 3832 350 3869 a.
364 3816 390 3868 d.
404 3818 469 3866 Vlll
488 3816 550 3866 Idus
565 3816 627 3866 Mai.
647 3832 672 3866 a.
694 3815 770 3868 1551.
787 3817 818 3865 A.
833 3814 902 3867 1553
921 3819 1058 3882 Augustus
1071 3815 1254 3880 catharinam,
1268 3814 1412 3865 Mantuani
1425 3813 1472 3862 du·

326 3906 364 3955 cis
378 3906 494 3968 viduam,
515 3907 614 3971 primae
633 3904 724 3956 uxoris
743 3921 809 3955 suae
828 3921 952 3968 sororem,
971 3905 998 3954 in
1015 3904 1213 3955 matrimonium
1226 3903 1312 3964 duxit,
1331 3902 1378 3953 sed
1392 3901 1472 3969 paulo

326 4002 394 4059 post,
422 4011 483 4045 cum
502 3994 632 4045 comitiali
650 3996 742 4044 morbo
761 3995 903 4044 obnoxiam
922 4011 980 4044 esse
1006 3993 1182 4060 cognovisset,
1208 4008 1312 4043 omnem
1332 4000 1473 4043 eonsuetu-

325 4083 414 4134 dinem
434 4099 493 4133 cum
514 4099 546 4133 ca
564 4084 644 4148 rupit.

432 4170 443 4198 ⁹
462 4171 601 4233 ,tlalveeci
621 4171 655 4221 ad
673 4189 751 4238 quem
765 4179 874 4224 exstant
886 4172 955 4223 duae
968 4172 1097 4239 epistolae
1110 4174 1145 4223 ab
1158 4172 1212 4237 sig.
1227 4171 1349 4237 Augusto
1363 4185 1388 4220 a.
1404 4168 1472 4221 1570

327 4261 450 4326 scriptae,
470 4277 536 4325 quas
553 4260 637 4311 edidit
655 4262 682 4310 in
696 4261 783 4312 lucem
802 4262 909 4314 Bibliot.
923 4262 1015 4327 ordyn.
1037 4258 1141 4312 Krariri.
1155 4259 1301 4311 Varsoriac
1316 4258 1387 4312 1870
1401 4276 1426 4311 n.
1440 4256 1472 4309 72

328 4359 355 4400 st
374 4349 433 4400 139.
454 4351 480 4398 ls
499 4351 595 4413 nuntii,
615 4367 631 4400 a
650 4353 725 4402 Bona
744 4360 829 4403 matre
848 4353 930 4415 missi,
950 4368 1059 4402 munere
1079 4352 1188 4402 functus
1206 4365 1266 4401 esse
1284 4348 1402 4401 videtur.

434 4438 444 4466 ³
463 4440 576 4491 loannes
595 4438 779 4493 Przarembski
805 4450 864 4493 erat
888 4443 1029 4507 episeopus
1053 4440 1219 4492 Cholmansis
1238 4440 1282 4491 ab.
1302 4454 1327 4491 a
1348 4437 1420 4491 1557
1438 4437 1471 4488 ad

327 4527 404 4593 1559,
424 4546 475 4596 quo
494 4529 611 4596 archiep.
632 4532 794 4581 thaeanensis
815 4534 903 4581 lactus
923 4541 971 4582 cst.
992 4532 1067 4580 Cous.
1088 4530 1113 4594 7,
1133 4548 1157 4581 v.
1177 4528 1213 4581 28
1231 4528 1292 4579 adn.
1310 4526 1337 4581 4.
