3016 5310
323 440 388 504 174
796 454 873 487 sarar
892 452 981 488 aaran

320 671 394 713 sto.
429 651 526 734 Laus,
550 650 605 736 qui
629 648 834 735 splendorem
856 670 922 712 non
944 646 1087 734 degener
1108 648 1201 713 auxit
1224 648 1360 733 avitum,

428 756 597 820 Musarum
620 754 730 819 studia
750 763 783 820 et
804 752 989 841 praeclaras
1011 755 1163 841 gnaviter
1186 764 1273 819 artes

430 861 586 927 Adiciens
609 862 720 948 generi
743 870 775 926 et
798 859 895 926 claris
919 860 1091 945 natalibus,
1115 860 1203 926 unde

430 969 504 1055 Ipse
528 969 590 1034 sibi
613 979 645 1034 et
666 969 791 1055 patriae
814 968 944 1033 meritos
967 969 1128 1055 qnaesivit
1150 967 1298 1033 honores

430 1074 476 1140 Ut
497 1075 614 1161 flagrat
635 1076 763 1162 pietate,
785 1084 932 1140 extrema
952 1096 1011 1161 per
1031 1075 1141 1139 omnia
1163 1073 1299 1140 duetarn

319 1203 397 1246 :eta
431 1180 628 1267 Iampridem
650 1203 720 1246 rem
742 1202 909 1245 romanam
933 1180 1116 1266 fessamque
1139 1180 1316 1266 premendo

432 1285 598 1353 Sublevet.
629 1288 681 1371 Et,
703 1288 796 1352 Bona
818 1297 854 1351 tu
877 1291 1046 1370 ventura1,
1070 1285 1149 1373 quid
1171 1287 1301 1372 egeris?
1323 1287 1409 1352 Infer

431 1394 480 1459 Te
501 1417 579 1459 mox
601 1394 763 1459 Narcusio
785 1392 949 1476 comitem3
977 1392 1096 1480 quibus
1119 1393 1235 1478 obtigit
1259 1416 1326 1458 una

434 1503 477 1565 Et
498 1502 604 1588 patria
627 1511 724 1587 atque
746 1500 837 1584 fides,
860 1500 973 1566 eadem
996 1522 1124 1587 qnoque
1146 1521 1227 1565 cura
1250 1512 1393 1566 recursat

433 1608 670 1695 incumbatque
693 1607 793 1693 labor,
818 1609 953 1673 sacratis
975 1607 1105 1673 debitus
1128 1608 1204 1672 aris.

328 1736 397 1780 eso.
521 1716 591 1781 Nec
614 1725 680 1800 tna,
703 1714 853 1798 Narbuti,
876 1716 978 1801 pietas
1002 1715 1171 1779 notissima
1194 1736 1345 1778 somnum

434 1822 575 1908 Carpere
597 1832 629 1887 te
651 1830 708 1885 aut
730 1821 879 1908 placidae
902 1831 1000 1907 caput
1023 1820 1186 1886 acclinare
1208 1822 1310 1907 quieti

433 1928 576 1993 Motibus
600 1929 632 1993 in
657 1930 757 1993 tantis
781 1929 876 1992 sinet:
899 1928 1133 2014 imperterritus
1156 1927 1241 1992 hosti

433 2036 480 2100 Te
503 2059 645 2122 oppones
668 2045 878 2122 sanctamque
900 2035 985 2100 feres
1007 2057 1104 2121 super
1127 2034 1258 2100 aethera
1280 2035 1423 2100 Romam.

521 2143 652 2228 Aspice,
676 2152 711 2206 nt
734 2141 911 2207 adversum
934 2141 1038 2207 fidens
1063 2141 1125 2206 fert
1147 2151 1263 2228 pectus
1288 2142 1325 2206 in
1347 2141 1459 2205 hostem

327 2273 398 2315 ese.
437 2250 477 2313 Et
501 2247 599 2313 dictis
621 2249 730 2314 domet
753 2249 952 2334 increpitans
975 2247 1140 2314 Gallinius
1164 2247 1257 2312 ultro.

524 2356 648 2442 Magna
670 2365 702 2420 et
725 2377 800 2441 pars
824 2354 928 2420 aderit
951 2356 1038 2418 Latii
1061 2354 1265 2420 Macovicius
1288 2376 1382 2435 unus,

434 2463 569 2527 Pectore
591 2463 648 2550 qui
670 2472 736 2527 toto
760 2462 865 2527 fontes
888 2462 1113 2548 Aganippidos
1135 2461 1258 2543 hausit,

434 2569 561 2633 Doctus
585 2569 702 2654 ethic,
726 2569 823 2634 rebus
848 2569 962 2634 doetus
987 2590 1177 2634 succurrere
1200 2568 1328 2634 sessis²

525 2675 805 2740 Andrussevicio³
828 2698 893 2738 non
916 2674 1164 2761 tardioresque
1187 2686 1334 2740 recursat

329 2805 400 2847 eso.
436 2782 535 2847 Cura:
560 2781 630 2847 dies
653 2782 740 2846 istud
765 2804 875 2846 secum
899 2791 1074 2868 noctesque
1096 2780 1230 2865 volutat,

435 2889 580 2953 Antistes
603 2890 676 2975 pius
700 2910 740 2953 ac
763 2899 924 2973 constans,
948 2888 1030 2952 nihil
1053 2910 1123 2953 esse
1146 2887 1350 2969 novandum3

435 2996 549 3059 Prisca
572 3016 746 3081 sequamur
768 2995 814 3059 ait
838 3017 1004 3082 nuperque
1027 3005 1155 3082 reperta
1177 2996 1351 3061 facessant.

526 3101 568 3164 Et
591 3111 635 3186 tu,
659 3103 848 3187 praeteritos
871 3103 990 3167 reserat
1013 3102 1067 3166 cui
1090 3102 1238 3188 Iuppiter
1260 3108 1394 3187 ειιιιιοε*7

436 3208 643 3273 Exactumve
665 3207 753 3295 quod
776 3219 832 3293 est,
857 3208 1007 3295 augendo
1030 3207 1174 3295 duplicet
1197 3231 1326 3292 aevum,

330 3336 399 3377 aaa
436 3314 465 3378 Ο
490 3314 623 3399 utinam,
647 3315 855 3380 memorande
878 3338 988 3400 senex,
1011 3338 1074 3402 quo
1097 3314 1222 3380 Vomia
1245 3338 1414 3403 nunquam

434 3420 589 3486 Praesnle
611 3421 746 3486 iactabit
770 3432 905 3507 veteres,
930 3423 1084 3486 Lituania
1107 3444 1170 3508 quo
1194 3443 1259 3487 non

435 3526 587 3592 Sanctius
611 3529 715 3592 omnis
739 3528 847 3613 habet,
869 3529 1086 3615 Domanovi⁶,
1108 3529 1264 3615 quioquid
1288 3529 1410 3616 ubique
1425 3538 1471 3595 est

434 3636 547 3722 Usque
571 3636 688 3721 virum,
711 3637 810 3701 Divis
833 3636 964 3701 adolent
986 3637 1043 3722 qui
1066 3646 1141 3700 tura
1163 3638 1302 3702 vocatis:

438 3885 445 3911 ¹
466 3887 671 3937 Beneventuras
690 3900 786 3935 nomen
806 3885 928 3934 Enniano
947 3883 993 3934 illo
1012 3900 1084 3935 more
1102 3900 1150 3950 per
1169 3884 1266 3935 tmesin
1285 3884 1421 3936 distrahit.

439 3971 448 4000 ²
467 3974 532 4024 Inde
551 3988 568 4022 a
586 3991 610 4025 v.
630 3973 683 4025 353
702 3989 785 4039 usque
805 3973 840 4023 ad
852 3989 876 4023 v.
892 3972 945 4025 388
959 3981 1131 4024 recensentur
1144 3973 1298 4024 sacerdotes
1312 3975 1470 4024 excellentes

328 4062 458 4111 dioecesis
477 4062 616 4112 vilnensis.

434 4150 576 4202 'loannes
595 4152 808 4217 Andrnszewica,
833 4169 874 4205 aa.
900 4150 1076 4204 leta-1555
1095 4153 1235 4217 episcopus
1260 4151 1407 4215 lrioi'eusis,
1430 4152 1469 4202 ab.

326 4256 351 4290 a.
374 4239 443 4291 1555
462 4241 601 4306 epiecopus
620 4241 766 4293 luckensis.

435 4328 543 4396 ‘Verg
563 4332 629 4381 Aen,
650 4332 722 4396 Vlll,
742 4329 802 4381 560.

435 4415 445 4443 r.
463 4419 578 4470 Ioannes
597 4419 806 4484 Domaniewski,
817 4420 966 4486 episcopus
985 4420 1148 4486 Samogitiae
1175 4419 1232 4469 siva
1256 4421 1407 4471 *omisssis
1425 4435 1462 4470 ιι.

328 4505 513 4559 1555-1563.
