2948 5302
362 496 468 531 CARNE!
487 496 607 531 FUNEBRE
626 497 653 532 tu
672 497 724 532 ont.
744 496 778 532 10.
798 496 932 532 TABSOVH·

184 691 229 754 Et
253 689 409 776 quiequid
433 689 532 754 fando
556 689 720 755 collaudat
742 689 883 756 Graecia
906 689 1007 776 dives,

185 796 277 861 Talis
299 807 369 864 erat
391 798 578 884 patriaeque
603 820 680 863 suae
703 797 884 885 populoque
907 797 1024 885 polone

184 905 378 989 Tarnovius,
400 927 496 991 quem
519 914 596 968 trux
619 906 713 970 terris
736 927 825 969 nune
849 905 966 991 eripuit
988 926 1084 970 mors.

277 1010 372 1076 F'lent
394 1011 488 1076 illum
510 1032 668 1099 proceres,
693 1011 812 1099 quibus
836 1033 926 1076 arma
949 1021 980 1076 et
1002 1012 1120 1075 martia
1135 1010 1225 1077 bella

145 1169 151 1181 .
184 1119 268 1184 Sunt
291 1119 382 1183 cordi
405 1129 436 1184 et
459 1119 567 1183 dirum
591 1119 751 1206 depellere
775 1118 895 1183 finibus
918 1117 1053 1204 hostem,

185 1225 322 1312 Fletque
345 1225 401 1289 illo
424 1236 572 1291 assuetus
597 1227 760 1312 quondam
784 1226 867 1291 dirce
889 1226 1022 1291 vincere
1045 1225 1146 1290 miles.

186 1333 318 1419 Vosque
340 1331 433 1396 illum
456 1333 624 1420 imprimis⁷
648 1334 759 1419 magni
782 1355 857 1420 pars
879 1334 985 1420 prima
1008 1341 1148 1416 senatus,

184 1439 360 1504 Pontifices
382 1438 490 1525 lugete
512 1441 567 1526 pii.
591 1441 708 1505 Vestra
732 1440 787 1505 ille
809 1451 940 1506 secutus

184 1545 339 1631 Arbitria
362 1545 451 1610 haud
474 1546 594 1611 dubius
617 1546 714 1613 latiae
737 1548 866 1634 pietatis
889 1546 1041 1611 alumnus

143 1704 150 1716 .
181 1651 358 1740 Cultorque
382 1654 534 1740 antiquae
556 1653 642 1737 fidei,
667 1677 765 1740 qnam
788 1654 929 1718 Bariona
951 1653 1077 1737 Petrus,

186 1759 337 1845 Exiguae
359 1760 511 1824 dominns
535 1760 682 1849 cymbae,
705 1771 904 1826 monstrante
927 1760 1091 1846 magistro,

184 1866 367 1931 Romanam
389 1867 564 1953 docuitque
587 1867 701 1932 urbem
724 1867 923 1954 populosque
947 1866 1049 1931 fateri.

186 1972 310 2039 Oderat
332 1970 419 2038 idem
443 1973 560 2037 animis
583 1975 684 2038 nostri
706 1996 792 2039 nova
817 1973 968 2061 dogmata
992 1972 1101 2057 saecli,

186 2079 280 2160 Quae
303 2080 422 2167 vulgus
446 2080 508 2145 sibi
532 2081 626 2167 fingit
649 2082 736 2146 iners
759 2080 915 2168 plebsque
938 2081 1042 2146 inscia
1065 2081 1145 2164 reri⁷

145 2239 152 2252 .
184 2189 388 2272 Inconstans,
411 2211 475 2252 non
500 2210 626 2276 semper
650 2189 736 2254 idem
760 2197 914 2254 consueta
936 2186 1082 2274 probare.

185 2295 280 2374 Quae
302 2317 391 2361 nunc
413 2295 487 2360 vela
509 2305 588 2360 noto
612 2296 782 2382 saevisque
806 2294 1011 2382 aquilonibus
1034 2294 1134 2379 inflat,

186 2402 285 2466 Nunc
308 2424 386 2466 euro
408 2401 632 2491 zephyrisque,
656 2403 755 2466 maris
778 2424 915 2490 passura
937 2400 1095 2488 procellas

186 2509 229 2572 Et
252 2531 353 2595 grave
376 2509 585 2596 naufragium
610 2509 740 2598 Scyllae
763 2509 961 2596 rabidaeque
981 2508 1180 2598 Charybdis,

185 2614 322 2680 Consilii
345 2617 408 2680 nisi
432 2616 542 2681 lorsan
565 2617 658 2702 inops
683 2617 851 2704 resipiscat
875 2614 1023 2701 evileque

141 2774 148 2785 .
180 2723 374 2808 Agnoscens
396 2723 511 2787 latium
535 2723 639 2788 caulis
663 2745 697 2788 se
719 2722 835 2788 reddat
859 2723 963 2786 avitis.

185 2828 250 2892 Pro
274 2828 403 2895 (lhristo
427 2851 508 2917 quas
532 2829 680 2895 aethereo
704 2829 857 2917 delapsus
880 2828 1022 2917 Olympo

184 2936 284 3001 Nunc
308 2946 415 3001 servat
437 2936 539 3001 Piusl
563 2938 774 3024 omnipotens,
797 2948 946 3023 terraque
969 2935 1116 3020 marique

184 3042 360 3128 Maximus,
384 3043 521 3108 infernis
545 3045 600 3131 qui
623 3043 728 3131 legem
752 3045 851 3130 figere
874 3042 983 3129 regnis

187 3150 230 3214 Et
257 3150 388 3239 stygiae
411 3151 489 3216 dare
511 3151 584 3215 iura
607 3161 711 3238 potest
734 3148 920 3216 veneranda
942 3145 1064 3235 paludi,

143 3307 150 3320 .
184 3255 398 3345 stellantique
420 3258 494 3344 polo
517 3280 629 3323 manes
651 3259 826 3324 immittere
850 3278 968 3341 saeros,

185 3363 360 3429 Immersos
383 3364 525 3430 tenebris
549 3375 580 3430 et
604 3388 701 3431 caeco
724 3385 854 3431 carcere
878 3363 1016 3445 clausos,

186 3470 240 3533 Ad
263 3469 365 3536 laetas
388 3493 547 3537 revocans
572 3471 664 3537 sedes
688 3482 719 3536 et
743 3494 878 3535 amoena
900 3469 1005 3533 vireta

186 3576 396 3664 Caelicolum,
420 3579 497 3644 felix
521 3579 620 3643 nullis
645 3579 700 3643 ubi
724 3579 854 3665 degitur
878 3599 995 3642 aevum

187 3684 386 3749 Conclusum
411 3688 504 3752 metis
528 3697 559 3751 et
583 3687 693 3752 nescia
716 3685 843 3751 laedere
868 3686 944 3749 vita.

275 3791 365 3872 Quas
388 3792 506 3858 fundes
529 3792 690 3877 lacrimas,
714 3794 820 3879 gentis
845 3813 994 3878 supreme
1017 3788 1153 3876 pelonae

186 3898 377 3962 Prerembi²
399 3900 542 3984 antistes,
566 3923 673 3963 rerum
697 3901 750 3964 cui
775 3921 902 3962 summa
926 3919 1092 3962 sacrarum

186 4004 317 4071 Credita
343 4005 560 4071 Sarmatiam
584 4030 704 4091 magna
727 4017 787 4069 est:
812 4005 938 4091 lugebis
963 4003 1112 4089 adempto

186 4112 350 4176 Tarnovio
374 4111 593 4199 damnumque
617 4114 732 4199 ingens
755 4112 965 4199 profiteberis,
989 4110 1045 4175 illo

189 4379 197 4407 ¹
219 4379 289 4431 Edit.
313 4381 415 4440 „Crae.:
438 4382 540 4446 „pius“;
562 4381 631 4430 idam
652 4381 678 4429 in
698 4379 793 4441 Ornoi,
813 4379 858 4429 aad
879 4386 1034 4429 correctum.
1067 4379 1116 4426 Est
1135 4383 1224 4427 autem

140 4504 141 4508 ,
162 4470 211 4531 lv,
230 4469 349 4534 pontifex
369 4486 402 4520 m.
423 4486 447 4520 a.
469 4468 654 4521 1559-1565.

188 4555 332 4608 ’loannes
352 4557 537 4610 Praetembslri
563 4567 621 4609 erat
646 4558 763 4622 archiep.
784 4556 947 4607 Gussnensis
972 4570 1014 4605 aa.
1040 4551 1228 4606 1559-1569.

187 4651 301 4693 carmina.
320 4651 374 4693 'nt
1104 4641 1120 4692 9
