3016 5310
669 466 841 502 DANTISCAM.
1256 450 1323 517 275

183 538 460 547 ——--——---——
485 539 562 544 ·-—---
589 539 652 544 ——·
688 538 732 543 ··—
773 538 821 543 -—-·
855 539 901 543 ··—-
941 539 973 543 -
1015 539 1322 545 -·—-··—--——-—————··

761 549 833 556 --——-
848 550 1005 556 ———-—
1015 550 1323 558 —--—....—.-...-..

288 663 391 726 Arma
414 662 513 748 igitur
535 662 723 746 tristemque
746 672 868 725 metum
892 660 1050 748 deponite,
1075 662 1173 746 niune,

341 769 468 856 Proque
491 769 531 832 iis
556 767 709 833 succedat
732 767 847 855 plenus
870 767 1000 832 honoris
1023 790 1121 832 amor.

223 898 254 940 s.
285 875 500 963 Pontifieique
524 887 618 941 vetus
641 875 824 940 reverentia
846 874 955 940 debita
979 885 1096 959 vestre,

342 981 448 1062 Quem
471 983 527 1070 qui
550 1004 616 1049 nou
638 981 738 1065 audit,
761 981 904 1068 perfidus
927 980 981 1046 ille
1003 982 1076 1047 Deo
1098 991 1155 1049 est.

730 1176 774 1241 II.

289 1304 444 1367 Armatus
466 1304 586 1389 pietate
610 1302 700 1366 venit
723 1301 936 1367 Onrneovius:
961 1323 1057 1367 urens

343 1409 409 1475 Hie
420 1413 440 1493 ¹,
463 1418 598 1498 corytus
620 1407 675 1472 hie
698 1418 754 1493 est,
778 1407 912 1494 spicula,
935 1407 1008 1491 tela,
1032 1409 1105 1474 viri.

285 1515 395 1595 Quem
417 1516 474 1601 qui
497 1525 561 1581 stet
584 1525 706 1600 eontra,
728 1513 817 1579 hune
839 1515 968 1600 pietatis
992 1514 1114 1580 dixeris
1137 1514 1273 1596 hostem3

341 1623 415 1687 Non
438 1621 536 1687 habet
557 1621 612 1687 hie
634 1620 790 1705 homines,
813 1643 879 1686 nen
901 1622 936 1685 in
959 1620 1079 1686 honore
1102 1622 1218 1687 Deum.

647 1823 859 1830 ———

737 2090 767 2156 5.

486 2286 526 2335 De
545 2285 633 2334 Locus
651 2283 758 2333 abbatis
777 2282 922 2333 olivensis²
942 2288 1026 2332 morte

347 2388 392 2455 nd
424 2388 742 2456 GASPAREM
776 2386 1157 2454 GESOAVIUMs

738 2565 762 2628 I.

288 2690 479 2755 Excussisse
502 2691 625 2755 Loeam
649 2699 745 2775 atque
767 2688 875 2754 loeum
898 2688 957 2753 tibi
980 2698 1083 2755 morte
1106 2686 1242 2770 dedisse,

342 2796 383 2860 In
406 2796 503 2862 rebus
528 2796 609 2862 felix
633 2807 668 2860 ut
691 2797 732 2861 sit
756 2795 853 2861 Oliva
876 2796 950 2879 tuis,

290 2902 436 2967 Exsultu.
467 2904 589 2969 Pueem
612 2925 698 2967 mors
721 2902 828 2967 attulit
852 2924 917 2966 una
941 2901 1080 2967 duobus:

342 3010 441 3074 Parta
464 3011 555 3097 quies
578 3010 627 3074 illi
651 3021 698 3074 est
721 3021 752 3074 et
775 3008 836 3075 tibi
859 3019 951 3095 parta
974 3009 1074 3093 quies.

227 3138 255 3181 s.
286 3116 440 3181 Manibus
463 3117 552 3181 illius
576 3126 663 3204 petet
686 3115 808 3196 aether3
833 3137 936 3201 nuper
959 3114 1074 3181 Olivee

343 3222 463 3290 Clausa
487 3224 614 3289 reclusa
637 3224 702 3288 tuis
726 3223 868 3288 claustra
891 3231 1001 3309 patent
1024 3220 1184 3288 manibus.

289 3331 403 3394 Annos
426 3353 491 3417 qua
516 3342 551 3395 ut
574 3330 705 3417 plures⁴
729 3330 870 3416 potieris,
894 3328 1042 3415 pluribus
1066 3329 1160 3399 aunis

343 3436 389 3501 Ut
412 3460 553 3524 superes,
577 3437 689 3501 faciles
713 3437 790 3501 dent
813 3436 872 3500 tibi
896 3437 941 3500 Di
966 3437 1081 3522 superi.

293 3720 300 3749 ¹
319 3722 377 3772 Oss.
398 3737 446 3770 ms.
469 3721 539 3784 „hi“.

290 3808 393 3861 ’Loeu
411 3826 545 3860 armorum
564 3810 676 3875 Regale,
702 3810 786 3860 abbas
811 3809 937 3859 olivensis
962 3807 1116 3873 (Niesieeki,
1145 3805 1266 3856 Herbarz
1285 3803 1325 3855 ed.

183 3899 346 3963 Bobrowicz‚
366 3900 411 3955 vl.
432 3898 502 3966 139).

291 3985 421 4052 ³Guspur
441 3988 588 4038 Gesuuvius
609 3988 673 4043 sive,
693 3993 722 4036 ut
741 3986 811 4051 apud
831 3985 967 4037 Niesieeki
986 3984 1042 4049 (VI,
1063 3983 1125 4049 139)
1148 3983 1254 4045 dicitur,
1279 3983 1326 4032 Ja-

179 4076 241 4127 skul
261 4076 390 4126 suecessit
409 4076 580 4141 sigismundo
599 4078 718 4141 Augusto
738 4082 867 4140 regnante
887 4074 960 4124 eirea
970 4075 1057 4139 ipsum
1077 4088 1100 4122 u.
1117 4070 1327 4136 156815111ςηί-

181 4172 237 4217 tate
257 4164 364 4214 abbatis
384 4165 603 4215 cisterciensium
622 4165 747 4214 olivensis
768 4165 864 4225 Locue,
889 4164 965 4213 euius
985 4170 1096 4212 mortem
1120 4162 1187 4211 haee
1206 4159 1327 4211 carmina

183 4260 305 4320 tangunt.
331 4254 362 4302 In
388 4268 460 4302 corn.
483 4253 699 4315 „Gieskavium“.
733 4254 809 4303 Hunc
837 4253 889 4301 triu
914 4251 1034 4301 earmina
1060 4250 1142 4316 (corn.
1164 4248 1214 4300 159
1234 4266 1272 4311 sq.
1297 4270 1321 4290 =

180 4359 232 4392 oss.
252 4341 288 4392 25
306 4342 356 4408 sq.)
381 4341 440 4390 ideo
459 4341 530 4391 inter
549 4342 719 4392 Gedunensiu
737 4341 788 4391 hoe
806 4342 864 4391 loco
885 4341 968 4405 posui,
988 4341 1051 4406 quia
1070 4339 1161 4405 procul
1182 4338 1262 4387 dubio
1280 4343 1328 4386 unt

180 4445 206 4480 a.
227 4430 297 4482 1568
317 4437 363 4480 unt
384 4429 453 4482 1569
473 4446 489 4479 u
509 4431 608 4494 lioyuio
628 4430 770 4496 legationis
789 4430 879 4495 regiae
899 4430 970 4480 sunio
990 4429 1142 4494 conscripta
1160 4435 1230 4477 sunt.

289 4518 299 4546 ⁴
319 4519 375 4571 scil.
397 4534 480 4584 quam
500 4522 579 4571 Loca.

1172 4604 1219 4657 18·
