3016 5310
737 1368 766 1430 9.

526 1561 979 1635 EPITHALAMIUM

461 1721 512 1768 viri
538 1722 687 1781 magnifici,
716 1722 824 1770 Nicolai
847 1723 1040 1782 Trebuchovii,

303 1827 445 1877 castellani
469 1825 664 1877 Gneznensis¹
688 1836 716 1877 et
739 1829 810 1876 sacri
833 1829 902 1889 regii
925 1830 1045 1878 cubiculi
1067 1830 1210 1892 praefecti,

388 1934 611 1996 clarissimaeque
631 1934 750 1983 feminae
769 1935 934 1984 Theodorae
953 1936 1094 1997 Bogusiae
1104 1931 1122 1985 ².

290 2103 416 2170 Felices
439 2104 597 2169 thalamos
621 2108 885 2194 fortunatumque
909 2107 1016 2172 cubile

290 2212 371 2277 Esse
395 2223 486 2276 tuum
510 2214 627 2297 iubeat,
652 2213 866 2300 Trebuchovi‚
897 2214 1083 2301 almumque
1106 2214 1321 2303 hymenaeum

291 2319 431 2405 Efficiet
454 2343 610 2406 magnum
634 2322 726 2385 euius
751 2333 813 2385 stat
837 2322 970 2386 numine
994 2320 1121 2386 caelum

289 2426 472 2513 Terraeque
494 2438 682 2514 tractusque
704 2429 802 2492 maris
825 2428 961 2514 locaque
984 2426 1113 2493 aethere
1138 2448 1242 2492 casse.

231 2552 256 2595 e.
287 2532 347 2598 Ille
370 2544 439 2597 toro
461 2535 553 2620 iungi
575 2535 688 2620 primis
713 2534 903 2599 mortalibus
927 2544 1047 2618 auctor,

290 2640 333 2703 Et
354 2662 506 2705 venerem
528 2642 632 2705 vitare
655 2664 773 2727 vagam
797 2642 956 2728 certisque
979 2640 1073 2727 ligari

290 2745 458 2833 Coniugiis
481 2757 655 2834 notamque
679 2749 745 2811 suis
769 2748 907 2812 educere
929 2749 1023 2812 tectis

290 2852 377 2917 Olim
401 2856 588 2941 progeniem
610 2854 797 2942 replereque
820 2854 948 2919 civibus
971 2853 1077 2939 urbes,

288 2960 432 3024 Numina
456 2963 512 3047 qui
534 2971 566 3025 et
588 2962 692 3026 Divos
716 2962 812 3048 plena
835 2970 1030 3026 venerentur
1052 2981 1178 3043 acerra,

210 3088 257 3131 10.
288 3068 536 3154 Iustitiamque³
559 3069 675 3153 celent,
698 3070 788 3133 exosi
811 3069 949 3133 erimina
972 3078 1003 3132 et
1026 3069 1144 3131 omne⁴

289 3174 460 3240 Caelicelis
484 3175 589 3240 scelus
611 3177 754 3239 invisum
777 3197 949 3261 rerumque
972 3174 1108 3260 parenti.

289 3282 349 3346 llle
372 3292 453 3367 tuoe,
477 3292 559 3368 epte,
582 3282 756 3369 procedere
779 3282 892 3346 dexter
913 3281 1051 3346 honores

290 3391 423 3453 Annuat
446 3390 480 3452 in
504 3412 659 3475 magnum
683 3389 792 3473 decus,
815 3388 869 3452 ille
893 3387 1079 3453 faventibus
1103 3387 1201 3451 astris

291 3495 332 3559 Et
356 3496 510 3583 quicquid
535 3507 600 3560 toto
624 3520 692 3560 sese
716 3505 823 3559 movet
847 3494 984 3579 aethere,
1007 3494 1111 3578 terris,

295 3710 302 3737 ¹
323 3711 389 3760 Erat
408 3710 571 3760 castellanus
591 3708 754 3759 Gnesnsnsls
774 3723 816 3758 aa.
837 3705 1013 3758 1558-1563
1034 3703 1226 3773 (Niesiecki—
1247 3705 1324 3755 Bobr.

182 3802 305 3852 Herbarz
323 3801 344 3860 1,
364 3795 435 3860 ⁶248).

290 3886 434 3953 'Nuptiae
460 3887 630 3938 celebrantur
655 3887 682 3935 in
706 3902 768 3936 arce
794 3886 894 3936 Brescii
920 3886 964 3949 (cl.
985 3901 1009 3933 v.
1031 3882 1082 3935 195
1104 3882 1180 3949 sqq.).
1212 3883 1323 3934 Carmen

182 3977 311 4042 scripturn
331 3984 372 4028 est
391 3977 465 4027 brevi
484 3984 546 4026 ente
565 3994 589 4027 a.
611 3975 679 4026 1:359
699 3984 746 4024 aut
770 3976 854 4040 ipsius
873 3975 936 4025 anni
958 3973 1026 4025 1559
1046 3979 1151 4024 aestate
1177 3973 1224 4034 (cf.
1244 3989 1268 4024 v.
1291 3968 1325 4022 30

181 4081 247 4130 sqq.:
266 4065 299 4117 77
319 4067 394 4131 sqq.).
421 4069 580 4115 asservatur
604 4074 694 4115 autem
719 4064 770 4114 hoc
793 4081 899 4114 carmen
919 4063 1149 4128 manuscriptum
1167 4063 1196 4113 in
1215 4068 1324 4127 utroque

180 4155 248 4205 libro
268 4164 295 4207 et
314 4155 468 4205 Cornicensi
486 4157 538 4220 (pg.
559 4154 609 4205 361
631 4157 697 4219 seq.)
718 4164 744 4204 et
763 4154 900 4204 Osselineo
920 4151 982 4218 (283
1002 4151 1077 4217 squ).

290 4244 299 4272 ²³
320 4246 391 4294 llos:
413 4245 611 4308 „iustitiaque“.

288 4335 299 4364 ⁴
319 4336 349 4384 ln
369 4341 480 4399 utroque
499 4343 568 4385 msto
588 4342 629 4385 est
648 4334 773 4397 ‚,colaut“
799 4331 832 4382 ad
858 4331 936 4380 finem
955 4345 1048 4381 versus
1070 4329 1215 4381 intervallo
1234 4329 1324 4381 relicto

180 4427 207 4475 in
228 4426 349 4492 margine
368 4424 505 4490 scriptura
524 4424 609 4477 Ossol.
630 4424 699 4474 notis
719 4421 861 4486 adscriptis
880 4419 1022 4486 significat,
1042 4436 1093 4485 quo
1106 4418 1165 4470 loco
1184 4418 1253 4470 illud
1269 4433 1322 4469 ver·

180 4515 242 4565 bum
261 4513 441 4579 reponendum
460 4514 503 4566 sit.
