3016 5310
656 438 733 511 rarat
753 464 841 511 totali

378 548 384 555 a
394 544 666 565 σ---οῳ-οτπ--η
674 546 701 552 .,.-
710 546 798 553 ---.--
809 538 1022 553 —-—————-n'
1032 546 1037 552 ι
1046 544 1058 551 ι.
1070 546 1079 552 -
1088 532 1107 551 -”

286 674 460 754 Quondam
484 694 564 741 aevo
587 685 618 739 ct
641 676 749 762 parcis
772 675 813 739 ab
838 674 908 738 avis
931 672 1061 738 defossa
1083 671 1206 737 talenta

285 781 383 848 Caelo
406 782 629 867 ostenduntur,
652 782 802 847 tenebras
825 792 1018 867 noctemque
1040 779 1238 867 relinquunt.

286 888 407 953 Omnes
432 891 579 954 certatim
602 912 716 975 gazam
740 911 852 954 eruere
875 909 978 975 usque
1001 897 1163 973 repostam

285 996 436 1082 Aspicies
459 1007 549 1060 tanto
572 1008 603 1060 et
626 996 726 1061 laetos
750 996 892 1083 gaudere
915 995 1105 1084 hymenaeo,

205 1126 253 1168 eo.
288 1103 340 1166 Ad
366 1102 465 1166 festos
489 1125 522 1167 se
546 1104 682 1191 quisque
706 1102 775 1168 dies
799 1103 900 1167 multo
923 1112 1058 1189 apparat
1080 1111 1177 1186 ostro,

286 1209 389 1274 Multo
413 1232 500 1293 auro,
524 1209 625 1274 multo
649 1221 782 1295 argento
805 1221 836 1274 et
860 1209 1061 1295 fulgentibus
1086 1208 1196 1272 armis.

287 1317 358 1380 lam
381 1318 495 1381 Martis
519 1317 693 1381 simulacra
716 1318 787 1401 viri,
811 1317 876 1381 iam
899 1315 1036 1403 pulchra
1058 1316 1213 1379 iuventus

286 1425 388 1487 Arma
411 1434 503 1510 perat
527 1425 614 1488 circo
637 1434 668 1488 et
691 1445 807 1488 cursus
830 1423 1005 1488 meditatur
1028 1443 1195 1510 equorum,

286 1531 469 1597 Caesarium
493 1553 650 1618 prensans
673 1531 767 1617 galea
790 1531 959 1617 cristisque
982 1529 1109 1594 decoris

206 1660 254 1702 aa.
288 1638 480 1702 Auricomos
505 1648 619 1723 aptans
644 1660 741 1702 conos
764 1637 943 1723 tollensque
966 1636 1026 1715 sub
1050 1657 1156 1700 auras.

376 1745 445 1809 Nec
468 1767 525 1809 rex
549 1746 672 1809 interea
696 1746 813 1831 segnis,
837 1745 889 1808 cui
913 1754 1043 1830 pectora
1066 1743 1151 1828 grati

288 1852 362 1915 Urit
386 1873 476 1915 amor
499 1850 633 1915 thalami
657 1861 909 1938 exspectatoque
931 1849 1052 1936 gaudia
1074 1848 1200 1934 taedae,

287 1958 396 2022 Mente
419 1959 546 2044 agitans
569 1968 644 2041 tota,
667 1957 837 2044 pulchram
860 1957 977 2044 quibus
1002 1957 1140 2020 instruat
1164 1954 1282 2039 aulam,

287 2064 378 2144 Quos
400 2064 494 2128 ludos
518 2088 599 2151 quae
622 2066 705 2129 festa
729 2066 796 2129 suis
819 2065 940 2151 totique
962 2064 1060 2127 trioni

205 2195 252 2238 so.
287 2171 416 2236 Indicat
441 2195 590 2258 sponsam
615 2183 745 2259 propter
768 2182 980 2258 sanctumque
1002 2169 1231 2259 hymenaeum.

285 2279 530 2365 Thesaurosquc
554 2281 655 2365 aperit
678 2279 760 2344 dites
783 2279 944 2366 longaque
967 2288 1114 2365 paratam

289 2384 412 2450 Gazam
437 2396 549 2469 aetate,
573 2399 675 2470 tuum,
697 2385 811 2472 Spitko
834 2386 982 2470 Iordane,
1006 2384 1149 2449 laborem

290 2493 339 2568 Et,
363 2495 538 2578 Lutomira,
561 2504 663 2578 tuum,
686 2494 763 2557 fidei
786 2517 837 2557 res
861 2494 984 2558 credita
1008 2514 1145 2580 quorum
1169 2502 1218 2557 est

288 2600 432 2665 Muneris
457 2611 487 2665 et
510 2602 591 2665 tanti
616 2601 728 2665 moles:
753 2602 800 2666 sie
824 2611 919 2664 notus
943 2611 1077 2686 uterque

207 2729 254 2770 aa.
290 2707 426 2791 Ingenio
450 2707 560 2771 sollers
584 2719 614 2771 et
638 2706 735 2771 rebus
759 2707 872 2772 dexter
895 2706 1030 2792 agendis
1042 2710 1061 2768 ¹.

378 2813 441 2879 Sed
466 2815 571 2877 malus
594 2814 656 2878 heu
681 2836 776 2878 curas
799 2812 858 2877 has
882 2815 965 2877 inter
987 2811 1119 2877 morbus
1142 2810 1276 2877 adortus

288 2922 475 3005 Augustum
499 2920 663 3007 febrisque
685 2920 760 3005 gelu
785 2922 961 2984 commixta
984 2920 1102 3005 rigenti

289 3029 390 3090 Artus
415 3050 512 3092 saeva
535 3029 643 3113 coquit
668 3049 776 3091 sacros
799 3026 1052 3114 praecordiaque
1075 3026 1148 3091 urit.

288 3134 341 3197 Nil
367 3134 510 3198 medicas
534 3134 687 3199 adhibere
710 3157 835 3218 manus,
860 3134 904 3197 nil
929 3133 1106 3220 pharmaca
1127 3133 1272 3221 prodest3

187 3263 253 3304 1oo.
289 3241 438 3327 Languet
462 3252 492 3306 et
516 3243 639 3328 ingenti
665 3241 768 3305 morbi
792 3264 845 3305 rex
870 3250 995 3305 aestuat
1017 3241 1096 3327 igni.

290 3348 363 3411 Non
387 3348 499 3434 epulus
523 3371 637 3436 capere
661 3360 717 3412 aut
741 3349 920 3434 speciosum
944 3346 1075 3413 haurire
1097 3345 1268 3431 falernum,

290 3455 363 3518 Non
388 3467 503 3519 cantus
527 3456 640 3521 audire
663 3458 762 3541 iuvat,
785 3478 849 3519 non
873 3454 982 3519 dulcia
1005 3453 1137 3541 plectra.

290 3562 458 3626 Insomues
483 3562 573 3627 ducit
597 3574 706 3628 noctes
732 3563 903 3650 lucemque
926 3563 1042 3648 quietis

291 3669 474 3755 Expertem.
506 3671 548 3734 Et
572 3671 683 3735 morbo
706 3672 774 3756 regi
800 3693 893 3756 mage
917 3669 1014 3734 noxia
1037 3690 1126 3754 cura

190 3797 254 3839 105.
290 3775 403 3859 Saeva,
427 3778 549 3841 malum
573 3778 727 3864 duplicat,
750 3779 843 3842 toties
867 3800 942 3842 cum
966 3776 1054 3841 dicta
1075 3774 1258 3865 hymenaeo

291 3884 332 3947 Et
356 3884 475 3948 diffusa
499 3885 568 3950 dies
593 3907 689 3971 aegro
712 3886 881 3969 succurrit,
905 3895 936 3949 et
959 3884 1069 3949 haeret

288 3991 373 4054 Fixa
396 3992 512 4071 animo,
537 4014 698 4077 cursuque
722 3992 810 4055 videt
833 4013 1004 4078 properare
1028 3991 1126 4055 citato

289 4097 431 4185 Tempus
454 4108 484 4162 ct
507 4100 629 4163 interea
652 4099 760 4162 dirum
784 4098 870 4162 harad
895 4099 1062 4163 mitescere
1086 4097 1244 4161 morbum.

381 4204 588 4271 Sauroumtas
611 4206 742 4271 tandem
767 4206 856 4270 caclo
879 4206 1049 4270 miseratus
1073 4204 1114 4268 ab
1138 4203 1204 4269 alto

295 4453 303 4482 ¹
322 4455 423 4520 Spytek
441 4456 474 4507 de
492 4456 636 4520 Zakliczyu
655 4455 752 4506 lordan
776 4461 834 4506 erat
860 4463 915 4505 tum
936 4431 1119 4506 thesaurarius
1138 4454 1224 4521 regni,
1247 4454 1320 4502 Luto·

184 4542 278 4593 mirski
297 4543 479 4598 thesaurarius
498 4548 589 4598 curiae
609 4546 708 4614 regiae.
