3016 5310
179 434 244 500 218
650 450 834 486 amman

825 534 996 539 .———.-
1021 534 1025 539 .
1046 535 1109 539 -—-
1148 531 1310 540 ...--—-

286 646 479 710 Austriaeao
503 645 613 727 deous,
636 643 693 707 illa
716 654 748 709 et
771 644 859 708 lama
882 643 1059 710 binominis
1075 646 1161 730 Istri,

287 750 427 835 Elisabe,
451 773 542 817 sauro
566 774 663 838 quam
687 751 809 816 Leohia
832 761 899 816 tota
923 750 1024 816 eubili

285 857 442 922 Iunxerat
466 859 671 944 armipotens,
695 859 876 945 animisque
898 858 1083 924 volentibus
1105 882 1217 925 omues

285 965 428 1050 Augusti
452 966 484 1028 in
509 965 633 1052 sponda
657 967 812 1051 regnique
836 966 870 1029 in
893 975 985 1052 parte
1007 965 1171 1030 locarunt:

206 1092 252 1136 15.
284 1071 382 1137 Unde
404 1095 507 1158 genus
532 1071 652 1136 frustra
676 1095 857 1159 parvosque
879 1072 991 1138 videre
1014 1083 1146 1159 nepotes

287 1176 439 1265 Speranti,
464 1178 637 1244 Sismnnde
661 1189 760 1266 pater,
782 1190 818 1244 tu
841 1190 873 1244 et
896 1179 1045 1246 Sarmata
1068 1202 1175 1266 reges:

286 1284 349 1349 Illa
372 1285 449 1350 seris
473 1287 592 1351 eeoidit
615 1286 691 1350 latis
714 1296 745 1351 et
768 1288 873 1373 prima
896 1286 1004 1352 eubile

286 1391 468 1476 Deoedens,
491 1394 648 1479 Auguste,
671 1403 764 1461 tuum
787 1394 945 1478 viduavit,
968 1404 1001 1459 et
1023 1416 1153 1459 omnem

288 1498 481 1565 Sarmatiam
504 1499 568 1564 late
591 1498 681 1564 luetu
705 1500 878 1587 complevit
902 1523 1013 1564 amaro
1026 1503 1047 1584 ¹,

205 1626 252 1670 ao.
283 1604 418 1671 Grande
441 1607 491 1673 sui
510 1606 711 1671 desiderium
733 1629 811 1675 oum
832 1607 929 1677 laude
951 1606 1139 1695 relinquens

286 1712 329 1776 Et
351 1714 446 1777 terris
469 1713 546 1777 olim
569 1736 735 1800 nunquam
759 1711 896 1778 delebile
918 1737 1036 1779 nomen

288 1819 485 1905 Sarmaticis,
509 1820 622 1886 boreas
645 1821 759 1906 rigidis
783 1821 860 1884 dum
885 1820 1016 1886 flatibus
1039 1844 1137 1886 auras

286 1927 435 2013 Asperat,
459 1938 489 1992 et
512 1950 613 2014 prono
637 1951 813 2014 properans
836 1941 928 2015 pater
951 1928 1054 1993 Ietula
1077 1951 1178 1994 eursu

287 2033 327 2098 In
351 2056 439 2099 mare
463 2034 566 2099 volvit
589 2058 698 2121 aquas,
721 2036 805 2103 inter
828 2036 1015 2100 notissimus
1039 2058 1151 2101 amnes

207 2163 254 2207 aa.
286 2141 398 2226 Istula‚
422 2141 570 2206 caeruleo
595 2143 731 2207 miscent
754 2143 809 2228 qui
833 2144 965 2207 nomina
987 2153 1093 2229 ponto.

289 2247 467 2313 Ostendere
490 2249 554 2313 Dei
578 2248 705 2335 populis
726 2260 796 2314 tam
818 2249 926 2315 nobile
948 2250 1058 2314 lumen

287 2355 525 2445 Egregiamque
548 2357 703 2426 animam:
728 2357 797 2423 fata
820 2359 995 2427 immatura
1016 2356 1129 2425 tulere.

377 2461 474 2526 Nune
498 2463 566 2546 tibi,
589 2486 672 2549 quae
695 2462 813 2530 dilecta
837 2475 922 2528 toros
946 2465 1093 2551 ingressa
1116 2463 1246 2529 reliotos

289 2568 440 2634 Solamen
462 2569 562 2633 viduo
586 2571 684 2654 venit,
708 2580 764 2635 tua
787 2594 906 2657 magna
930 2571 1089 2658 voluptas,

206 2698 254 2741 ao.
285 2676 439 2761 Barbara,
462 2679 632 2764 praecipiti
655 2679 782 2763 oeoidit,
806 2677 979 2763 Radivilia,
1003 2679 1079 2745 fato.

289 2784 468 2848 Fortunam
491 2785 576 2850 hano
601 2809 760 2873 aususque
783 2798 864 2871 tuos,
888 2809 946 2851 rex
969 2786 1089 2871 inclite,
1113 2785 1215 2872 luges,

288 2890 525 2978 lambiturque
548 2903 634 2960 toros
657 2899 776 2979 atquo²
798 2894 938 2958 iuuertos
961 2891 1160 2981 hymenaeon

288 2997 345 3063 Bis
368 2998 488 3065 viduus
510 3001 663 3084 quereris,
687 3000 880 3087 turbataque
903 2998 1034 3065 foedera
1056 2999 1131 3067 leati

287 3104 489 3192 Ereptosque
511 3117 584 3173 tuos
607 3107 658 3173 bis
681 3107 869 3172 lamentaris
893 3129 1026 3172 amores.

207 3232 255 3276 ao.
279 3210 362 3290 Quis
385 3223 417 3278 te
439 3212 538 3281 solari
561 3214 769 3301 plangentem
792 3215 906 3279 lunera
928 3223 1020 3279 vates

289 3319 418 3389 Audeat
441 3321 476 3385 in
499 3321 632 3387 madio?
655 3332 686 3386 et
709 3323 830 3409 primos
853 3342 1057 3408 composuere
1079 3320 1190 3386 laetus

289 3425 441 3495 Carmine
465 3428 663 3494 oontendat‘?
687 3451 748 3495 nee
770 3439 802 3493 te
824 3438 882 3493 tua
904 3428 1041 3493 vulnera
1063 3427 1149 3512 llere,

292 3534 561 3620 Exstiuotamqus
584 3537 675 3621 queri
699 3558 833 3600 uxorem
856 3536 998 3622 patiatur
1020 3534 1196 3599 amatam?

379 3645 424 3709 At
446 3644 512 3712 ium
536 3643 586 3707 bis
609 3652 757 3729 repetens
781 3665 913 3708 aureum
932 3653 965 3707 et
987 3642 1127 3728 vestigia
1149 3650 1235 3726 nota,

209 3770 257 3813 eo.
288 3748 383 3811 Luna
407 3758 579 3835 pererrato,
602 3749 725 3815 Phoebi
749 3772 838 3814 soror
860 3772 967 3834 aurea,
991 3747 1081 3814 eaelo

290 3855 422 3920 Effulsit
445 3857 540 3920 terris
565 3856 655 3921 vidui
679 3868 751 3943 post
775 3855 891 3921 funera
913 3855 1015 3921 leoti³

289 3963 332 4029 Et
354 3962 472 4048 luntas,
494 3965 652 4049 Auguste,
676 3975 761 4028 tuos:
785 3986 846 4029 neo
870 3965 958 4029 sicea
980 3963 1092 4028 videre

288 4070 439 4155 Lumina,
462 4093 523 4135 neo
547 4071 646 4136 laetos
670 4071 764 4136 nobis
787 4071 846 4135 dae
870 4092 1001 4136 eernere
1024 4070 1144 4134 vultus.

290 4246 401 4299 1Οὶιίὴ,
422 4263 446 4298 a.
469 4246 546 4301 1545.

291 4334 301 4364 ¹
319 4338 408 4387 Editio
428 4356 466 4402 pr.
487 4339 595 4389 exbibet
617 4348 690 4402 ,uo“.

292 4425 363 4479 8Ιῐιι
382 4427 505 4492 designat
524 4428 590 4478 duos
609 4444 690 4493 prope
709 4444 793 4479 annos
814 4444 830 4478 a
849 4436 933 4478 morto
953 4429 1089 4478 Barbarae
1108 4425 1186 4492 (vm
1204 4427 1242 4477 Id.
1260 4418 1317 4474 nu.

183 4514 262 4583 1551)
282 4517 487 4582 praeterlapsos.
