3016 5310
227 453 269 518 12
701 473 778 506 earm
797 473 885 507 sorau

226 542 429 549 -—-·—————-
444 544 639 550 -—„...—..-.
646 544 672 548 -
682 544 685 547 .
693 543 816 549 ........-,-..
823 543 858 549 ..-,
864 543 1113 550 ..———.---
1119 543 1148 549 -.
1154 535 1328 550 .-—-.-—J

332 666 538 751 Incumbens,
561 667 705 731 humeris
728 666 823 731 heros
846 676 945 753 capim
968 667 1089 732 exserit
1111 666 1186 731 altis

327 772 502 857 Turbidus,
526 784 557 838 ct
580 773 683 837 mixta
707 773 850 837 lacrimis
874 773 921 838 sic
944 773 1070 837 intonat
1090 774 1152 837 ira:

333 880 441 965 „Ergo
465 878 599 963 crudeli,
623 902 682 943 rex
704 879 851 963 barbare,
875 879 974 944 caede
997 878 1099 943 tulisti

329 986 530 1071 Pontificem,
554 985 699 1071 caelique
722 987 830 1050 virum
853 986 1029 1073 templique
1052 987 1247 1071 ministrum,

224 1114 296 1157 acc.
326 1089 551 1179 Divorumque
575 1093 687 1157 domos
710 1093 873 1157 temerasti
897 1102 1042 1181 martyre
1066 1093 1183 1157 caeso?

329 1200 417 1263 Irato
440 1223 560 1285 poenas
583 1199 659 1264 olim
683 1201 774 1263 Deus
800 1223 854 1264 ore
878 1209 1033 1286 reposcat,

331 1306 373 1369 Et
397 1305 453 1369 des
477 1305 625 1371 crudeles
639 1311 656 1390 ¹,
681 1306 888 1390 crudelisque
911 1307 1021 1392 exigat
1046 1305 1162 1371 Orcus.

329 1412 445 1499 Regali
468 1414 591 1477 interea
614 1413 707 1477 nobis
731 1412 920 1499 spoliandus
943 1412 1063 1476 honore
1086 1414 1153 1478 es“.

331 1519 557 1606 Continuoque
580 1543 716 1604 omnem,
741 1543 805 1606 qua
828 1543 862 1584 sc
885 1519 989 1584 Istula
1011 1518 1167 1583 fluctibus
1191 1519 1295 1606 infert,

225 1648 297 1691 aro.
328 1626 523 1692 Sarmatiam
545 1626 607 1690 (liri
631 1626 731 1712 reguli
756 1629 826 1691 iure
849 1628 981 1715 tyranni

331 1733 449 1796 Edicto
473 1732 568 1796 solvit
593 1755 697 1814 sacro,
720 1733 941 1820 populumque
964 1744 1136 1819 patresque

330 1839 462 1903 Liberat
487 1840 634 1925 imperio3
658 1840 829 1928 regaleque
853 1840 982 1904 sustulit
1006 1851 1138 1925 ostrum,

329 1945 452 2029 Iusque
475 1945 623 2009 Boleslao
646 1948 738 2031 regni
762 1946 952 2032 indignatus
976 1945 1109 2009 ademit.

334 2053 433 2117 Ferre
457 2053 549 2116 nefas
573 2064 735 2138 sceptrum
759 2054 923 2139 capitique
946 2051 1100 2116 adhibere
1122 2053 1241 2116 tiaram

226 2180 297 2223 aas.
329 2159 410 2223 Esse
433 2159 535 2240 iubet3
559 2159 702 2245 dirisque
726 2171 823 2245 ceput
848 2160 1047 2248 Stygiaeque
1070 2158 1184 2244 paludi

331 2266 479 2331 Devovet
503 2268 737 2352 exstinctisque
760 2267 848 2330 canit
872 2265 958 2329 mala
981 2267 1127 2329 carmina
1150 2265 1289 2330 flanunis

328 2372 543 2437 Praesentaus
566 2373 614 2436 illi
638 2373 787 2437 tenebras
811 2384 1002 2459 noctemque
1025 2372 1233 2458 profundam.

420 2479 555 2543 Talibus
579 2481 730 2543 immanis
754 2480 877 2543 factum
901 2479 1032 2543 crudele
1054 2481 1191 2567 tyranni

331 2585 486 2671 (instigat,
510 2586 706 2672 caedemque
730 2597 821 2672 pater
844 2586 1009 2649 &uranus
1032 2585 1171 2650 inultam

226 2710 297 2754 aso.
330 2692 428 2755 Haud
452 2694 537 2775 sinit,
561 2706 592 2756 et
614 2694 724 2757 fusum
748 2716 811 2756 non
836 2692 912 2756 olim
935 2694 1067 2778 impune
1091 2715 1241 2758 eruorem

331 2799 498 2863 Pontifiois
521 2800 607 2863 iusta
631 2799 799 2886 perculsus
822 2799 968 2863 vindicat
991 2801 1048 2862 ira.
1296 2788 1299 2794 ¹

420 2906 590 2970 Praeterea
613 2907 714 2970 sacris
738 2907 875 2992 imposta
899 2905 1026 2969 silentia
1049 2904 1188 2994 templis.

331 3013 405 3076 Non
428 3013 478 3076 fas
502 3013 645 3098 pontifici
669 3012 840 3077 sollemnes
864 3012 982 3076 ducere
1005 3035 1149 3098 pompas,

331 3120 404 3182 Non
429 3142 544 3184 canere
568 3131 642 3183 anto
666 3142 738 3183 tiras
762 3142 922 3205 vocesque
945 3119 1089 3183 attollere
1113 3118 1211 3184 caele.

227 3246 298 3289 aes.
329 3226 512 3290 Murmurat
535 3228 569 3290 in
593 3226 712 3313 templo
736 3227 876 3289 demissa
899 3248 979 3290 voce
1002 3224 1153 3290 sacerdos

331 3332 575 3420 Valvarumquc
597 3333 744 3396 homines
768 3332 895 3397 obiectu
920 3331 1090 3396 submovet
1113 3333 1187 3396 aris.

330 3438 430 3502 Pulsa
453 3462 513 3503 nec
536 3439 674 3503 excelsis
698 3450 849 3503 resonant
871 3441 905 3502 in
928 3438 1073 3503 turribus
1096 3461 1172 3503 aera

332 3545 585 3631 Temporibusve
610 3548 676 3610 suis
699 3546 818 3632 populo
842 3545 920 3609 dant
944 3547 1037 3631 signa
1060 3555 1184 3610 vocate.

331 3653 420 3717 Luce
444 3653 503 3716 sub
528 3662 680 3733 extrema,
705 3654 732 3716 si
756 3675 851 3738 quem
875 3675 934 3715 sua
957 3653 1024 3715 fata
1047 3664 1214 3736 vocarunt,

226 3781 297 3824 eoo.
327 3759 399 3822 Non
424 3760 524 3825 decus
549 3761 691 3844 inferiae,
715 3782 778 3823 non
803 3759 885 3823 ullos
910 3759 1009 3821 funus
1032 3758 1170 3823 honores

332 3867 416 3929 Aere
439 3866 513 3930 tulit
535 3866 640 3952 puls03
665 3889 725 3930 nec
748 3867 878 3930 maestis
901 3864 1037 3929 vocibus
1060 3862 1205 3953 hymnus

331 3973 478 4037 Placuvit
501 3996 613 4037 manes
634 3975 827 4059 veniamque
850 3973 994 4058 poposcit
1018 3970 1206 4059 Olympum.

332 4080 524 4146 Condnntur
545 4103 628 4166 pura
652 4081 845 4144 morientum
869 4100 1003 4164 corpora
1025 4089 1121 4162 terra,

331 4186 568 4273 Indecorcsque
592 4188 698 4251 iacent
722 4208 927 4273 quocumque
950 4186 984 4248 in
1007 4183 1141 4271 pulvere
1165 4186 1263 4270 cives,

227 4314 297 4357 aas.
328 4294 552 4381 Auratumqee
575 4295 714 4381 equitem
738 4315 878 4356 marmor
902 4315 966 4354 non
990 4291 1113 4356 clandit
1136 4292 1269 4356 avitum.

331 4521 340 4550 ¹
359 4539 395 4574 sc.
415 4540 522 4589 poenas.
