3016 5310
131 1003 177 1047 85.

213 662 278 725 Fas
301 661 419 747 pepule
443 659 593 746 plebique
615 661 707 746 ignes
731 661 904 724 immittere
929 670 1062 739 vestros,

209 766 406 853 Spiculaque
429 765 587 830 exhausta
610 767 746 831 iueuleri
771 790 869 831 saeva
891 766 1052 853 pharetra„

210 875 249 938 In
273 873 366 960 vulgi
391 873 578 960 deprompta
602 897 728 957 neeem3
751 875 802 938 fas
824 875 923 961 figere
947 874 1047 939 eorda

213 982 321 1068 Atque
344 981 483 1046 humiles
507 992 674 1068 penetrare
698 1004 791 1046 enses
815 993 845 1045 et
870 984 1003 1067 iungere
1026 980 1131 1046 taeda.

212 1088 339 1174 Regum
363 1109 456 1152 suere
480 1089 563 1173 regit
587 1089 692 1152 muius
715 1088 854 1153 eenubia
879 1111 1012 1152 numen:

212 1195 285 1259 Non
310 1196 387 1259 veni
411 1195 563 1281 levesque
587 1195 638 1260 dei
664 1195 864 1281 eenfietaque
889 1196 983 1259 terris

212 1302 369 1366 Numina:
394 1302 509 1367 siderei
534 1326 672 1388 mugnus
697 1315 848 1388 regnator
872 1302 1014 1390 Olympi.

212 1407 272 1473 Ille
296 1421 382 1474 satur
405 1433 522 1474 rerum.
547 1410 660 1473 divum
685 1411 782 1474 Pater
806 1421 901 1496 utque
924 1409 1092 1472 huminum
1117 1406 1188 1472 Rex

169 1565 176 1578 .
212 1516 382 1581 Aeeendut
406 1519 489 1581 iuste
513 1540 606 1580 seura
629 1529 759 1603 peetera
782 1517 896 1580 (dexter
918 1537 1025 1579 emere

212 1623 418 1709 Augustique
441 1625 540 1708 sinus,
564 1635 595 1688 et
619 1634 721 1688 tactos
745 1624 883 1687 molliter
908 1633 988 1707 urat,

211 1728 415 1817 Inelinetque
438 1733 582 1794 animum
608 1754 784 1816 sensusque
808 1729 950 1794 infleetut
974 1729 1112 1792 amantis

213 1835 252 1899 In
277 1837 409 1901 meliore
432 1839 533 1902 Deus.
564 1839 745 1904 Curnumus
767 1838 847 1901 teliu
871 1838 946 1902 laeti

211 1942 381 2031 Coniugia,
404 1956 435 2008 et
459 1945 539 2009 tales
563 1945 762 2010 celebremus
786 1968 861 2009 mex
881 1945 1087 2033 hymenaeos,

171 2100 177 2113 .
213 2050 310 2116 Unde
335 2051 422 2116 sulus
446 2075 554 2138 regne,
578 2052 705 2139 populis
728 2075 802 2138 pax,
824 2064 975 2137 certaque
999 2050 1103 2136 proles

213 2157 370 2243 Auguste,
395 2160 499 2223 iustus
524 2161 641 2246 sceptri
666 2182 833 2224 successor
856 2170 887 2223 et
910 2158 1011 2222 heres,

303 2264 361 2328 Ille
386 2265 455 2330 dies
480 2267 599 2350 redeat,
624 2268 649 2329 si
675 2289 737 2352 que
762 2265 888 2329 felicior
910 2288 1053 2351 unquam

212 2370 415 2435 Leehiadum
438 2397 517 2458 gens
541 2374 649 2460 prisea
673 2373 747 2436 suit:
772 2395 814 2456 se,
838 2374 995 2455 Auguste,
1019 2371 1137 2447 beatus,

212 2478 255 2541 Se
278 2477 458 2543 fortunatos
483 2480 594 2545 dieunt
616 2491 647 2544 te
672 2503 746 2564 rege
769 2479 891 2543 Peleni.

170 2633 177 2647 .
215 2583 389 2648 Exsultent
412 2597 443 2650 te
467 2609 542 2672 rege
566 2588 639 2663 viri,
664 2585 881 2672 pulcherrima
904 2586 992 2651 eerdi

212 2690 283 2756 Pax
306 2693 426 2778 quibus
450 2706 506 2778 est,
530 2697 684 2780 puteisque
708 2704 792 2757 artes
817 2694 1024 2779 studiumque
1048 2693 1175 2779 quietis.

212 2797 375 2884 Linquere
400 2802 515 2886 euique
541 2825 644 2885 suum,
668 2825 730 2864 nen
756 2801 920 2887 quendum
944 2802 1055 2865 vivere
1079 2810 1171 2886 rupte

214 2903 318 2990 Inque
342 2907 448 2971 aliena
471 2931 587 2971 manus
610 2919 641 2972 et
666 2927 800 2971 awanam
824 2907 990 2972 intendere
1015 2916 1163 2971 mentem.

303 3012 353 3077 Tu
379 3038 455 3078 vere
480 3015 559 3079 felix
583 3015 781 3101 longumque
805 3026 966 3101 superstes
991 3015 1025 3078 in
1049 3037 1168 3078 nevum

170 3167 177 3181 .
214 3118 309 3205 Vive,
333 3122 490 3206 Auguste,
515 3123 580 3206 diu,
605 3134 699 3208 atque
724 3122 801 3186 elim
824 3131 896 3207 pete
920 3121 1026 3185 sideru
1050 3142 1121 3185 sere
1134 3125 1154 3205 ¹,

214 3225 286 3289 Iam
310 3228 425 3311 senior,
449 3229 551 3293 multe
574 3229 708 3315 pepules
732 3230 766 3292 in
789 3251 869 3316 paee
893 3228 1078 3314 relinquens
1088 3229 1110 3291 ².

217 3458 223 3488 ¹
245 3459 346 3508 Lucan.
367 3459 459 3508 l‘hars.
481 3476 504 3507 v.
525 3457 567 3510 AG.

215 3544 225 3574 ²
243 3548 303 3599 Hee
322 3549 380 3598 leee
399 3556 547 3612 sequuntur
566 3549 593 3597 in
613 3548 727 3598 editione
742 3554 869 3612 quattuor
885 3548 1081 3613 epigrammate
1096 3549 1135 3597 De
1150 3545 1251 3611 triplici

134 3643 162 3687 ta
180 3636 293 3698 caelibe,
319 3636 454 3699 coniugali
474 3644 500 3685 et
520 3637 673 3689 semicuris.
700 3637 797 3700 quibus
823 3637 975 3700 subscripta
1001 3644 1062 3686 sunt
1091 3637 1124 3686 ud
1149 3636 1253 3687 ealeem

135 3726 167 3776 ›ri
186 3725 262 3776 hese:
283 3727 400 3774 tinelli
421 3741 510 3774 mense
530 3725 634 3775 martio.
