3016 5310
804 460 880 497 sarm
900 461 988 497 uorzn

440 658 603 740 Fulserat3
626 658 753 723 inferiis
777 658 884 722 dietus
908 658 1142 723 maestissimus
1161 658 1217 723 ille
1230 665 1249 744 ¹,

438 765 498 831 Ille
522 765 600 847 dies,
624 765 743 830 celsam
768 789 842 830 enm
867 767 977 851 magni
1001 767 1087 851 regis
1111 765 1152 830 ad
1177 766 1286 832 aulam

439 874 621 937 Turmatim
645 873 811 959 plenisque
834 874 896 937 viis
921 873 996 937 inde
1020 875 1085 937 itur
1107 885 1139 938 et
1162 873 1247 940 inde.

339 1003 404 1046 roo.
441 981 543 1065 Regia
566 979 715 1044 lamentis
741 980 928 1068 ululatuque
952 981 1060 1046 (exeita
1083 983 1168 1045 tristi

440 1087 583 1151 Auditur
606 1086 679 1171 late,
703 1089 879 1173 nmestique
903 1088 944 1151 ad
969 1088 1076 1153 sidera
1099 1102 1215 1153 cantus

441 1195 633 1259 Pontificum
659 1205 833 1281 coetusque
858 1197 951 1279 sarri
975 1198 1030 1283 qui
1054 1196 1214 1284 plurimus
1238 1209 1314 1262 ante

442 1302 512 1368 Stat
536 1325 644 1387 regem
669 1304 851 1366 exanimem
875 1304 950 1367 teeti
976 1305 1008 1367 in
1034 1304 1253 1390 penetralibus
1278 1304 1361 1368 altis.

528 1411 614 1474 Eoos
637 1421 754 1475 autem.
779 1410 880 1473 nmlta
906 1409 959 1474 hio
983 1421 1175 1496 consumpta
1197 1423 1290 1498 parte
1314 1412 1379 1477 diei

440 1517 563 1582 Flendo
586 1517 766 1604 torquendo
790 1528 821 1580 et
845 1518 978 1581 miseros
1003 1518 1200 1601 singultibus
1224 1530 1322 1603 artus,

439 1625 594 1706 Lugubre
617 1623 718 1710 regali
744 1624 842 1687 funus
866 1625 1012 1710 proeedit
1035 1625 1076 1689 ab
1101 1625 1184 1705 arula,

439 1732 533 1796 Multi
559 1732 642 1817 quod
667 1731 778 1818 populi
802 1733 999 1796 comitantur
1023 1743 1054 1796 et
1077 1734 1217 1817 agmina.
1248 1734 1331 1799 Late

441 1841 585 1905 Stamine
609 1850 709 1902 stratu
733 1840 787 1902 via
811 1850 858 1902 est
882 1840 1025 1925 nigranti
1048 1849 1079 1904 ot
1102 1839 1221 1905 vellere
1244 1840 1343 1927 pullo.

437 1947 633 2010 Pontificum
658 1945 710 2010 hie
735 1946 947 2010 m·‹lo1nultis
972 1970 1046 2012 eum
1071 1947 1202 2012 milibus
1227 1948 1295 2012 ibat

336 2078 343 2098 ‘
398 2105 404 2116 .
438 2053 672 2141 Presbyterum
696 2055 887 2140 generisque
912 2055 1006 2138 sueri,
1030 2054 1245 2141 lacrimasque
1269 2056 1412 2120 canendo

439 2160 621 2224 Miscebant
644 2159 776 2249 hymnis
800 2162 992 2246 ingrataque
1015 2161 1131 2225 lunera
1155 2161 1284 2226 flebant.

526 2269 612 2330 Ante
637 2290 747 2331 omnes
772 2268 911 2351 Sarnuel
935 2267 1077 2332 Graeehi
1104 2269 1300 2332 iustissimus
1325 2271 1410 2335 urbis

438 2376 614 2459 Antistesl.
639 2375 768 2439 Samuel
793 2375 868 2439 fletu
895 2377 979 2460 rigat
1002 2399 1056 2438 ora
1082 2376 1224 2462 profuso.

437 2481 536 2566 Regis
560 2493 592 2546 et
616 2483 729 2544 aiimisi
754 2481 857 2545 fatum
880 2505 939 2547 eeu
965 2482 1067 2568 plorat
1091 2484 1254 2568 :ioerbum,

377 2636 402 2652 ..
438 2588 534 2653 Illum
559 2601 595 2652 ut
618 2587 732 2653 dilexit
756 2590 927 2675 quondam,
951 2590 1089 2654 dilectus
1113 2592 1153 2655 ab
1178 2590 1242 2655 illo.

527 2697 638 2761 Turba
661 2696 778 2760 ‹leinrle
803 2699 932 2784 inopum
959 2699 1116 2783 sequitur3
1138 2698 1188 2763 bis
1213 2698 1301 2763 mille
1326 2699 1460 2764 ferebant

439 2805 526 2868 Hine
549 2814 645 2889 atque
668 2804 744 2868 imle
768 2803 869 2885 faees;
894 2806 1027 2890 nigrans
1051 2807 1122 2891 pioe
1147 2806 1263 2869 uisitur
1287 2830 1415 2889 agmen:

376 2969 379 2975 ,
438 2912 481 2974 At.
505 2911 643 2975 llanmiis
669 2922 823 2997 superant
846 2911 1001 2996 fulgentis
1025 2911 1176 2999 lampada
1199 2912 1331 2978 Phoebi.

528 3019 592 3082 Hie
616 3017 737 3082 vexilla
760 3019 850 3081 sinus
874 3018 1029 3104 pandunt.
1053 3042 1136 3106 quae
1159 3019 1300 3105 plurima
1324 3019 1406 3085 bello

396 3176 402 3188 .
438 3125 575 3188 Arlsueti
600 3126 762 3210 praeferre
786 3125 886 3189 (luees
909 3137 940 3190 et
963 3126 1095 3191 tendere
1118 3125 1242 3211 dextra,

437 3233 539 3295 Arma
562 3232 638 3294 olim
663 3255 737 3295 eum
763 3256 820 3296 rex
844 3234 1012 3297 inimieum
1038 3233 1135 3297 ferret
1158 3234 1191 3298 in
1215 3233 1354 3313 hostem3

437 3338 576 3402 Terdeni
600 3362 728 3420 gessere
752 3341 821 3423 viri,
845 3339 1020 3403 laetissima
1044 3340 1151 3417 eorda

438 3446 586 3528 Triginta
609 3458 678 3533 post
703 3446 819 3511 deinde
844 3470 923 3510 auro
947 3448 1061 3511 vestita
1086 3447 1235 3512 feretrass.

526 3554 590 3618 llio
625 3553 877 3640 cataphractus*
917 3578 1014 3640 eques
1053 3555 1210 3641 gravibus
1248 3555 1462 3620 eirommlatus

1261 3664 1382 3746 [armis

333 3790 402 3831 215.
437 3768 542 3852 Turis,
567 3768 671 3833 bonus
695 3768 779 3831 bello
803 3779 833 3833 et
859 3770 986 3854 magnis
1010 3770 1061 3832 vir
1084 3779 1235 3833 strenuus
1260 3770 1358 3853 ausis,

439 4087 444 4113 ¹
467 4087 529 4137 Dies
549 4103 573 4138 a.
593 4087 618 4137 d.
630 4087 678 4136 Vll
701 4085 759 4136 Kal.
780 4088 890 4152 August.
914 4085 977 4136 ludo
993 4093 1067 4151 patet
1080 4102 1186 4137 carmen
1203 4085 1261 4148 hoe,
1274 4086 1331 4136 eat
1343 4085 1462 4153 Augustis

328 4193 462 4228 excusum.
483 4177 553 4225 intra
573 4192 624 4224 non
646 4183 758 4225 totorum
779 4185 906 4240 quattuor
926 4176 1056 4224 mensium
1075 4175 1190 4240 spatium
1211 4191 1228 4225 a
1247 4186 1326 4240 posta
1340 4173 1461 4241 composi·

331 4275 394 4327 tum,
412 4265 543 4331 quasdam
563 4264 711 4330 singularia
730 4272 819 4314 autem
840 4281 884 4314 sex
905 4266 960 4314 lere
980 4265 1073 4314 diebus
1094 4263 1200 4316 adiecta
1220 4263 1261 4314 rel
1275 4263 1460 4331 expolitaesso.

437 4352 447 4381 ²
465 4353 570 4405 Samuel
592 4353 782 4418 uaciojowski.
803 4355 941 4418 episcopus
963 4363 1016 4403 tum
1038 4353 1224 4404 cracoviensis.

437 4442 446 4468 ²³
466 4444 629 4508 lntsrpunxi,
650 4453 678 4492 ut
698 4443 864 4507 aptissimum
886 4444 969 4490 visum
991 4453 1039 4493 est.

435 4533 445 4562 ⁴
466 4533 536 4584 Edit.
558 4532 787 4599 „cataphrattus“.
