3016 5310
650 462 805 499 reatuum.

152 658 208 744 qui
232 668 304 744 post
328 669 440 722 renata
462 659 664 744 antiquitatis
679 656 789 724 studia
804 660 974 746 scripsere
998 664 1146 726 earmina
1162 681 1295 749 prorsus

153 777 297 844 careant,
328 786 525 851 quamquam
556 767 742 830 accuratius
774 769 933 832 scrutanti
958 768 1229 834 concendendum
1252 783 1297 836 est

155 871 315 960 Royzium
347 871 408 935 hac
439 883 531 958 parte
561 873 706 958 saepius,
745 895 843 959 qnam
874 871 1039 939 Catullum
1064 875 1297 961 Martialemve,

154 1000 302 1066 peceare.

262 1087 299 1151 In
325 1085 506 1151 elocutione
529 1086 671 1174 Royzius
699 1089 866 1153 rarissime
897 1089 1051 1154 traditam
1083 1090 1124 1155 ab
1156 1092 1297 1177 antiquis

43 1216 45 1220 ’
154 1193 300 1258 deseruit
323 1194 491 1257 rationem.
527 1195 601 1274 Qua
623 1194 657 1256 in
682 1195 852 1280 provincia
875 1208 963 1260 sunt:
994 1196 1195 1262 adiectivum
1223 1218 1298 1280 „an-

155 1302 310 1365 sanetus“
335 1301 594 1384 (sanctissimus),
626 1302 768 1389 antiquis
798 1303 946 1387 ignotum
978 1303 1020 1387 (Ι,
1047 1305 1097 1387 13,
1122 1305 1199 1384 307;
1227 1305 1298 1382 108,

156 1410 230 1487 264,
255 1407 310 1472 ubi
328 1430 379 1472 me
398 1408 595 1492 „intactum“
614 1430 656 1472 ex
672 1411 860 1473 coniectura
875 1409 1017 1475 edidisse
1033 1432 1121 1475 nune
1136 1412 1300 1498 paenitet),

155 1516 291 1580 verbum
320 1515 473 1600 „vilere“‚
496 1538 555 1602 pro
577 1538 640 1601 quo
663 1517 798 1602 antiqui,
821 1518 914 1603 eique
937 1519 1001 1603 ipsi
1024 1520 1089 1582 iam
1111 1530 1298 1584 senescente

155 1622 315 1687 latinitate
341 1621 538 1706 „vilescere“
566 1623 766 1709 usurpabant
789 1624 846 1708 (ΙΙ,
869 1624 922 1708 47,
946 1624 990 1711 ΙΙ,
1015 1627 1057 1707 3),
1082 1626 1221 1691 verbum
1246 1647 1298 1688 ru-

155 1729 266 1794 ctandi
292 1729 381 1794 verbi
407 1728 525 1794 edendi
548 1731 582 1793 vi
606 1729 902 1795 ecelesiasticorum
923 1733 1119 1818 scriptorum
1136 1754 1227 1797 more
1243 1730 1298 1796 ad·

157 1838 290 1900 missum
315 1837 352 1920 (Ι,
380 1839 429 1921 13,
454 1840 540 1920 288),
567 1837 770 1919 „infernum“
799 1838 958 1923 singulari
982 1861 1117 1904 numero
1140 1861 1161 1902 a
1183 1850 1297 1924 quarto

156 1943 285 2008 demum
322 1955 393 2029 post
423 1943 498 2010 chr.
529 1966 560 2006 n.
592 1943 721 2008 saeculo
752 1957 944 2031 usurpatum
980 1946 1040 2030 (ΙΙ,
1071 1947 1146 2029 373,
1178 1945 1297 2029 LXlI),

159 2051 278 2134 „dirim
304 2050 417 2114 eadem
442 2051 570 2115 notione
593 2064 689 2136 atque
713 2052 843 2116 inferna
866 2054 922 2136 (ΙΙ,
946 2055 1020 2136 373,
1044 2053 1129 2133 LX),
1159 2053 1294 2138 „nenia“

155 2156 274 2244 plurali
298 2159 426 2242 generis
450 2159 557 2222 neutri
580 2180 716 2223 numero
740 2158 777 2243 (Ι,
803 2162 876 2244 118,
899 2162 932 2242 6)
953 2161 1090 2244 „dorca“
1109 2153 1225 2248 (δόρκη)
1242 2180 1297 2247 pro

158 2265 314 2351 „dorcad‘
341 2265 396 2342 (ΙΙ.
421 2266 495 2349 386,
520 2268 549 2348 6,
574 2267 615 2349 8),
641 2265 861 2349 „infrenduit“
895 2267 937 2330 ad
968 2267 1136 2353 exemplar
1163 2267 1296 2354 perfecti

160 2372 342 2457 „frenduit‘
375 2373 408 2435 in
441 2371 576 2459 vulgata
607 2384 739 2438 sanctae
770 2376 950 2460 scripturae
975 2376 1124 2439 versione
1152 2374 1297 2461 usurpati

156 2480 194 2563 11,
220 2480 292 2560 177,
315 2480 403 2561 460).
437 2479 584 2564 Accedit,
607 2478 692 2566 quod
718 2493 829 2544 contra
852 2503 974 2546 morem
998 2483 1193 2568 optimorum
1218 2481 1297 2546 scri·

156 2597 284 2674 ptorum
316 2597 561 2674 temporumque
595 2586 735 2651 litterum
772 2612 801 2671 v,
837 2588 990 2673 perfectis
1017 2588 1176 2675 simplicis
1207 2586 1299 2653 verbi

155 2693 255 2758 eundi
279 2694 452 2780 propriam,
475 2697 572 2758 ctiam
596 2696 629 2757 in
654 2696 840 2780 compositis
863 2697 909 2759 ita
925 2698 1078 2780 servavit,
1102 2707 1139 2760 ut
1165 2694 1298 2779 „adivit

155 2801 282 2865 redivi“
309 2800 429 2864 similia
453 2802 520 2866 lere
544 2813 730 2866 constanter
747 2801 911 2867 scriberet.
936 2801 1031 2882 Quod
1049 2826 1127 2868 vero
1147 2806 1225 2888 „ac“
1241 2825 1298 2891 pro

159 2911 292 2996 „atque“
319 2909 489 2973 vocalibus
513 2910 716 2995 sequentium
733 2909 908 2975 verborum
924 2911 1152 2996 praemittebat
1168 2912 1207 2994 (Ι,
1226 2912 1298 2994 10a

157 3019 233 3097 2923
260 3018 333 3101 181),
350 3018 427 3095 668;
450 3017 522 3100 198,
539 3018 603 3101 32),
619 3018 726 3080 minus
742 3030 790 3082 est
806 3016 988 3104 culpandus
1006 3017 1150 3082 nondum
1167 3019 1298 3102 cognita

156 3123 240 3209 lege.
271 3147 368 3209 quam
401 3125 525 3209 primus
555 3123 744 3188 observavit
767 3123 902 3190 Gabriel
926 3127 1072 3189 Faernus
1100 3147 1127 3188 a.
1155 3125 1298 3189 1563111

155 3243 232 3295 nota
254 3232 391 3294 orationi
416 3230 584 3296 Ciceronis
608 3254 665 3317 pro
688 3231 809 3296 Flacco
833 3231 1007 3319 adscripta.

263 3339 427 3418 Ceterum,
459 3339 485 3401 si
511 3359 670 3401 summam
695 3361 802 3402 rerum
827 3351 967 3424 spectas,
998 3339 1141 3427 Royzius
1165 3338 1299 3424 linguae

156 3446 275 3511 latinae
291 3444 433 3509 indolem
450 3457 655 3510 conaturam
671 3447 857 3511 accuratius
874 3449 1037 3530 cognitam
1054 3446 1176 3529 habuit7
1199 3466 1298 3532 quam

73 3629 76 3635 ¹
156 3554 189 3617 in
214 3552 352 3639 siugulis
375 3553 520 3616 haerenti
544 3553 650 3618 videri
675 3565 789 3639 potest3
816 3551 912 3617 callet
936 3552 990 3616 ille
1013 3553 1144 3638 quidem
1166 3575 1298 3617 normas

156 3663 314 3726 sermonis
338 3660 509 3744 elegantis,
540 3671 688 3746 penetrat
719 3672 824 3726 tamen
849 3662 946 3726 etium
972 3660 1013 3724 ad
1038 3661 1165 3747 priscae
1196 3671 1228 3723 et
1256 3658 1298 3724 ad

156 3768 350 3855 posterioris,
375 3767 565 3854 praesertim
581 3768 662 3830 iuris
678 3769 853 3854 peritorum
869 3767 1061 3832 elocutionis
1077 3767 1299 3853 proprietates,

155 3877 364 3962 imitaturque
388 3874 525 3961 singula,
550 3874 656 3939 sicubi
680 3875 899 3939 necessarium
924 3874 1173 3938 commodumve
1197 3872 1298 3938 ducit

155 3983 251 4049 certe
274 4006 314 4049 ex
339 3985 568 4070 negativarum
592 3981 825 4069 particularum
850 4004 908 4045 usu
935 3981 996 4046 hoc
1012 3981 1140 4045 elucere
1159 3980 1298 4044 videtur.

155 4091 239 4155 Nam
264 4114 339 4155 cum
362 4092 470 4177 prisea
494 4101 598 4154 aetate
622 4090 758 4154 Romani
780 4090 900 4175 ubique
927 4112 995 4172 „ne‚
1019 4089 1099 4152 nee“
1125 4087 1298 4174 particulis

155 4198 333 4284 negabant,
364 4220 502 4284 quarum
527 4209 635 4283 partes
659 4196 879 4260 enuntiativae
903 4197 936 4260 in
961 4195 1073 4280 lingua
1096 4195 1297 4280 elegantiore

156 4305 368 4371 classicorum
394 4307 498 4388 „n0n“
524 4310 577 4384 (ex
604 4327 664 4390 „ne
687 4305 814 4367 oinom“
840 4305 959 4383 ortum)
982 4304 1166 4389 occupavit,
1198 4302 1300 4388 parti-

155 4413 239 4478 culis
265 4415 343 4496 „ne“
370 4411 412 4476 ad
435 4412 659 4500 prohibitivas
687 4413 785 4495 „nee“
812 4411 854 4475 ad
869 4411 1052 4496 negationis
1069 4410 1299 4473 coniunctione

158 4524 228 4606 „et“
255 4532 370 4585 auctae
394 4532 501 4606 partes
524 4521 699 4603 restrictis,
731 4518 873 4606 Royzius
896 4514 1067 4603 aliquoties
1090 4515 1131 4580 ad
1155 4516 1298 4603 priscam
