3016 5310
466 457 573 502 casura
592 466 651 505 rua.
670 466 697 500 rs
716 466 797 502 oarro
816 464 946 500 1111111111.
1234 444 1275 510 97

243 663 368 726 Tantus
392 680 482 723 amor
504 659 579 724 fidei
605 659 719 744 fuerat,
744 681 826 746 quae
850 657 959 723 debita
982 657 1080 742 caele,

242 769 392 854 Curaque
417 767 581 831 commissi
604 765 769 853 quondam
792 767 910 853 gregis.
934 765 1027 829 Illius
1050 787 1127 849 ergo

242 874 341 939 Haud
365 896 508 961 unquam
531 874 639 937 timuit
662 872 761 937 duros
783 872 925 961 perferre
948 871 1083 957 labores,

163 1007 208 1047 ro.
242 983 293 1068 m,
316 982 343 1045 si
367 981 433 1045 fata
458 981 572 1065 ferant,
596 979 720 1045 erudeli
744 979 936 1045 occumbere
959 981 1063 1044 morti.

244 1089 420 1175 Experiere
443 1087 529 1171 olim,
552 1097 709 1174 quantum
732 1085 803 1170 hoo,
827 1097 861 1150 tu
885 1086 1032 1172 eeclesia,
1055 1085 1164 1173 perdis

243 1196 373 1260 Amisso
396 1204 427 1259 et
450 1205 494 1269 tu,
519 1193 628 1258 adoles
651 1194 716 1257 aris
740 1194 794 1282 qui
818 1203 900 1277 tura,
926 1193 1085 1258 sacerdos.

332 1303 471 1387 Amisso,
495 1301 620 1379 infelix,
644 1300 808 1384 GamratO,
834 1300 990 1385 Sarmata,
1012 1300 1096 1386 luge.

242 1411 320 1496 Nee,
343 1432 423 1496 quos
447 1431 537 1473 arma
561 1409 674 1472 iuvant
696 1418 890 1496 torquesque
914 1407 1078 1471 illustrant
1101 1419 1131 1472 et
1152 1431 1277 1493 aurum,

166 1539 211 1582 rs.
242 1518 392 1603 Insignes
415 1517 548 1603 equites,
571 1516 664 1579 robis
688 1516 818 1580 inlletus
842 1513 943 1579 obibit

243 1624 393 1710 Optimus
417 1624 560 1707 antistes,
584 1623 677 1687 euius
702 1645 855 1709 persaepe
878 1621 975 1686 levati

242 1731 376 1795 Auxilio
399 1731 520 1817 patrios
543 1730 619 1795 laeti
642 1729 783 1795 rediistis
807 1730 847 1793 ad
873 1752 980 1815 agros:

243 1837 430 1925 Composuit
453 1848 578 1901 vestras
600 1836 673 1901 lites
697 1847 728 1901 ot
752 1838 858 1922 iurgia
882 1836 1005 1920 dexter,

244 1945 277 2011 Sl
301 1967 366 2031 qua
389 1943 494 2007 malus
517 1943 610 2007 limes
634 1943 810 2008 disiectare
835 1945 929 2029 signa
952 1943 1064 2028 tulere,

163 2073 208 2116 ao.
244 2052 397 2116 Vestrum
421 2062 490 2115 erat
513 2049 688 2136 hospitium
711 2050 827 2115 domus
850 2050 947 2136 illius,
970 2051 1058 2115 illius
1082 2072 1197 2115 aurum

243 2159 396 2223 Vestrum
430 2167 498 2222 erat
533 2167 564 2222 et
598 2157 753 2245 quioquid
789 2159 892 2244 potuit
927 2158 1040 2222 bonus.
1089 2158 1152 2223 Hei
1191 2157 1278 2237 mihi,

1019 2267 1190 2353 [quantum

242 2371 446 2438 Praesidium
469 2372 575 2459 patria
598 2383 629 2436 et
652 2396 710 2435 vos
734 2373 888 2436 amisistis
911 2373 1020 2437 amioil

332 2480 471 2563 Amisso,
495 2479 617 2564 infelix,
641 2478 806 2564 Gamrato,
830 2478 987 2565 Sarmata,
1012 2479 1095 2566 luge.

243 2588 285 2652 Et
309 2597 354 2671 tu,
377 2586 496 2651 dilecta
520 2596 594 2651 ante
618 2610 737 2671 omnes,
760 2586 917 2672 Masovia,
940 2586 1047 2651 luetus

163 2718 208 2760 as.
244 2694 335 2774 Quos
358 2693 451 2758 dabis
475 2694 599 2779 infelix,
623 2693 779 2758 Gamrato
803 2694 916 2758 orbata
938 2705 1082 2780 patrono,

242 2802 318 2866 Una
341 2800 403 2865 fuit
424 2802 478 2865 eui
501 2824 580 2866 eura
603 2811 675 2865 tuos
699 2800 853 2866 extollere
876 2812 907 2864 et
930 2800 996 2864 alta

243 2908 283 2973 In
307 2907 387 2972 solia
410 2908 546 2973 evehere
570 2932 608 2973 ae
633 2910 760 2994 magnis
782 2930 978 2994 praeponere
1001 2908 1110 2973 rebus!

243 3014 332 3079 Mille
355 3015 535 3102 palatinum
560 3015 600 3079 ad
626 3039 768 3079 summos
792 3016 898 3080 evexit
921 3014 1058 3080 honores

243 3120 337 3186 Felix
360 3130 392 3185 et
415 3123 524 3208 magni
549 3132 673 3209 partem
697 3121 786 3186 dedit
809 3144 879 3186 esse
903 3132 1042 3186 senatus.

163 3251 208 3293 aa.
244 3228 405 3293 Praefeeit
427 3229 556 3316 templis
580 3229 668 3314 alios,
692 3253 772 3317 quos
796 3231 929 3293 numine
952 3239 1055 3294 tantos

244 3335 344 3402 Saora
367 3337 481 3399 iuvant
504 3336 703 3420 bifidamque
727 3336 816 3401 dedit
839 3347 966 3423 gestare
989 3338 1113 3400 tiaram.

242 3443 345 3528 Regia
369 3443 524 3529 quiequid
547 3441 645 3507 habet
670 3443 784 3507 domus
808 3456 863 3508 aut
887 3443 1025 3508 ecelesia
1049 3466 1212 3531 magnum,

241 3548 327 3614 Illud
352 3572 521 3637 speravere
545 3551 592 3613 tui
616 3550 756 3637 laetique
780 3551 889 3615 tulere.

243 3656 327 3741 Heu,
350 3657 489 3721 nimium
512 3657 632 3722 dileeta
655 3659 724 3722 viro
748 3659 903 3741 Masom'a,
928 3668 1085 3745 quantum

163 3783 207 3827 as.
242 3762 358 3827 Perdis
379 3766 564 3850 patronum!
588 3763 661 3849 heu,
685 3776 851 3852 quantum,
875 3766 1030 3851 Masovia,
1053 3768 1190 3853 patrem!

242 3870 369 3956 Regina
391 3869 479 3935 huna
503 3870 560 3935 sed
584 3882 619 3934 tu
644 3894 756 3937 easum
779 3873 932 3937 miserata
955 3872 1096 3957 levabis,

243 3976 450 4042 Sforeiadum
473 4002 586 4065 genus,
610 3990 706 4066 atque
729 3990 819 4044 tuam
843 3981 989 4046 tutabere
1011 3992 1139 4067 gentem
1153 3984 1171 4063 ¹,

243 4085 368 4150 Sentiat
391 4087 545 4150 amissum
572 4110 620 4171 ne,
644 4110 740 4172 quom
764 4111 852 4152 nune
874 4087 964 4174 luget
987 4087 1182 4175 ademptum.

331 4194 470 4277 Amisso,
495 4193 619 4278 infelix,
644 4193 809 4280 Gamrato,
833 4195 989 4279 Sarmata,
1013 4195 1096 4281 luge.

244 4440 253 4471 ¹
273 4441 395 4493 Possedit
412 4443 483 4493 enim
503 4444 578 4494 Bona
600 4444 695 4510 regina
721 4461 767 4511 pro
791 4445 852 4496 dote
877 4445 905 4494 in
930 4444 1068 4496 Poloniam
1092 4444 1170 4495 illata
1189 4451 1281 4509 vetera

163 4531 323 4583 traducum
343 4533 486 4583 Masoviae.

244 4627 356 4669 cunutus
370 4628 396 4667 Τ.
413 4628 430 4666 Ι,
1157 4622 1173 4679 7
