3016 5310
666 489 837 526 nrsrrscasa.
1254 473 1319 539 309

183 702 249 745 ras.
282 681 378 746 Unde
402 694 500 769 caput
524 683 660 769 fatuum,
684 695 810 750 vestras
835 684 913 748 dum
938 685 1083 749 carmine
1104 683 1220 749 laudes

286 788 504 877 Persequitur,
528 830 570 839 —
594 793 735 878 reperire
758 794 871 879 nequit
892 813 982 879 quas,
1013 791 1139 856 lumina
1161 791 1215 856 aui
1239 801 1316 855 sunt

286 895 421 984 Lyncea
444 897 498 964 vel
522 897 629 963 medio
651 899 733 963 titan
758 921 833 964 eum
856 897 1002 963 volvitur
1025 919 1096 982 axe,
1120 934 1165 946 -

288 1001 327 1066 In
350 1003 608 1091 gadalophaeum
631 1007 697 1070 ruit
721 1007 906 1092 insanitque
927 1014 1056 1092 poetam
1069 1009 1089 1089 ¹,

288 1147 330 1156 -
353 1110 473 1175 Mentis
496 1114 598 1199 inops,
622 1134 693 1177 sese
717 1113 811 1178 vobis
835 1111 913 1176 dum
937 1110 1086 1176 venditat
1108 1131 1235 1195 excors,

184 1234 253 1279 reo.
283 1215 327 1281 Et
348 1218 559 1303 parasitando
582 1220 730 1284 esuriens
754 1219 826 1284 vult
848 1240 983 1305 pascere
1006 1229 1163 1302 ventrem,
1186 1255 1231 1265 —

287 1322 356 1387 Vos
380 1323 463 1388 falso
487 1325 577 1390 velut
599 1336 739 1391 accusat
764 1326 848 1392 Sunt
870 1327 987 1409 omnia,
1011 1325 1098 1390 dixit

288 1428 380 1508 Quae
403 1430 617 1519 gadalophaei
641 1434 810 1497 notissima
833 1454 929 1497 musa
950 1442 1063 1519 poetae

287 1536 327 1599 In
351 1560 418 1621 vos,
442 1560 534 1619 vera3
558 1550 655 1625 neget
678 1562 785 1621 nemo3
808 1562 955 1626 quaeque
978 1541 1058 1626 ipsa,
1083 1537 1219 1621 fatebor,

287 1643 383 1708 Ibitis
407 1646 527 1710 infitias
551 1668 612 1712 nec
635 1670 702 1732 vos,
726 1649 754 1711 si
778 1670 858 1712 vera
880 1646 1005 1733 profari

185 1771 251 1814 res.
282 1750 356 1814 Non
380 1751 513 1837 pudeat3
538 1776 600 1819 nec
622 1775 682 1818 rex
706 1757 810 1819 nescit
832 1775 1037 1840 magnusque
1060 1763 1203 1818 senatus.

289 1857 331 1921 Et
355 1859 427 1945 quis
452 1881 517 1923 non
539 1859 709 1924 hominum
728 1863 799 1946 scit,
822 1883 905 1948 quae
922 1862 1004 1926 sciat
1019 1859 1136 1924 ultima
1151 1856 1321 1923 'l'hulael2

288 1963 462 2029 Portarum
485 1966 628 2031 obiectos
652 1979 759 2054 postes
783 1979 815 2032 et
838 1969 966 2032 moenia
990 1966 1104 2032 clausa

289 2072 422 2157 Legatis
445 2075 518 2159 quis
542 2085 653 2139 nostra
676 2077 796 2161 negot?
821 2075 1016 2161 dextrasque
1039 2072 1178 2139 rebelles

290 2178 474 2244 Emicuisse
498 2202 617 2266 graves
641 2183 749 2258 armis,
772 2205 825 2246 me
848 2181 952 2247 milite
975 2182 1094 2247 vestris

188 2304 255 2348 rso.
286 2285 435 2350 Infesto⁸
458 2288 610 2373 imperiis,
633 2287 807 2375 hostilique
832 2289 975 2375 undique
999 2290 1095 2372 ferro,

290 2391 333 2456 Et
356 2415 439 2478 quae
462 2395 590 2458 animus
615 2396 801 2460 meminisse
824 2395 934 2459 horret
957 2395 1111 2483 luctuque
1136 2394 1265 2479 refugit

290 2496 407 2563 Cetera
429 2501 584 2586 perfidiae
606 2512 638 2567 et
661 2503 762 2567 vestri
785 2513 978 2588 argumenta
1002 2502 1149 2566 furoris?

292 2604 359 2671 Sic:
384 2606 509 2692 dignos,
533 2631 650 2695 magno
674 2632 754 2696 quos
777 2630 1045 2695 prosequeremur
1066 2608 1198 2692 honora,

292 2712 382 2792 Quos
406 2737 473 2791 rex,
496 2738 577 2802 quos
601 2738 759 2802 proceres,
782 2736 863 2802 quos
886 2717 991 2780 omnis
1015 2716 1108 2802 regia
1130 2715 1228 2798 misit,

189 2837 257 2882 rso.
288 2819 385 2884 Unde
409 2821 497 2885 salus
521 2823 615 2888 nobis
638 2833 743 2889 estet
766 2822 866 2887 deciis
890 2845 984 2886 omne
1007 2821 1193 2909 petendum,

292 2928 462 2992 Moenibus
486 2929 666 2995 exclusisse
690 2932 788 3014 viros,
812 2929 897 3016 quod
922 2930 1048 2994 fortiter
1071 2951 1172 2994 ausus

292 3033 352 3097 Est
374 3034 615 3122 gadalophaeus
640 3059 737 3102 versu
761 3036 919 3103 damnare
941 3047 1044 3124 poeta,

292 3142 443 3225 Augusto
466 3145 544 3229 regi,
569 3155 604 3208 ut
628 3168 763 3232 semper,
787 3166 951 3231 regnoque
975 3143 1090 3228 fidelis,

293 3246 399 3326 Quem
423 3247 557 3314 laudent
581 3253 690 3316 cuncti
714 3252 938 3337 indignantem
963 3253 1110 3316 tristibus
1135 3250 1235 3314 ausis:

189 3373 257 3418 rao.
289 3352 414 3419 (luteus
438 3357 562 3421 insanis
586 3381 649 3421 non
673 3362 777 3445 parsit
801 3358 961 3423 Achatius
986 3381 1098 3422 amens

293 3460 508 3549 indignisque
531 3465 636 3530 modis
660 3469 753 3553 opico
776 3464 986 3553 proscindere
1010 3486 1116 3547 versu,

293 3567 412 3633 Nostro
434 3569 510 3635 odio
532 3570 652 3658 dignus
675 3585 846 3659 vestroque
869 3583 900 3636 et
925 3571 1058 3637 vindice
1081 3592 1193 3656 poena.

384 3676 471 3755 Quid
496 3679 588 3762 facis,
612 3679 652 3742 ab
677 3679 820 3764 demens,
845 3680 974 3766 scriptis
997 3700 1056 3765 pro
1079 3675 1200 3740 talibus
1223 3698 1305 3740 aurs

293 3783 455 3870 Indignus
479 3785 631 3872 caeloque
654 3786 742 3850 frui?
766 3789 793 3850 si
817 3789 904 3851 mica
927 3786 1054 3851 cerebri

188 3911 257 3956 res.
289 3891 349 3954 Est
372 3892 441 3959 tibi.
466 3891 582 3978 frange
604 3894 704 3956 miser
727 3893 870 3957 calamos
894 3903 926 3958 et
950 3895 1097 3958 earmina
1121 3890 1202 3975 delo,

293 3997 405 4064 Ouree.
428 3999 475 4062 Te
499 4009 634 4081 mutum,
657 4022 755 4084 quam
778 4001 860 4065 tales
883 4000 980 4065 edere
1003 4022 1128 4064 versus.

297 4195 304 4223 ¹
324 4197 449 4246 Nostrum
471 4199 607 4261 lloyzium.

297 4284 404 4352 ²Varg.
424 4291 519 4353 (lcorg.
539 4290 566 4349 1,
592 4287 633 4337 30.
672 4289 772 4337 Curuus
799 4288 904 4337 videtur
928 4287 1088 4351 exprobasso
1114 4285 1227 4350 lloyzio,
1260 4282 1330 4349 quod

185 4375 264 4428 fictas
284 4377 433 4427 calumnias
453 4378 479 4426 in
499 4378 695 4428 Gadanensium
716 4377 857 4442 optimates
876 4376 1038 4441 protulisset,
1059 4384 1088 4425 nt
1108 4391 1152 4425 cos
1172 4372 1329 4441 proditionis

186 4480 277 4517 coram
297 4478 359 4532 rege
379 4475 527 4533 senatuque
547 4476 679 4533 argueret.

297 4552 308 4582 ³
325 4573 373 4605 ms.
395 4559 554 4619 „infestans
577 4557 729 4622 „lrnpariis‘
752 4556 846 4605 rastris
865 4562 906 4604 est
925 4553 1007 4604 ablat.
1028 4569 1133 4604 cauisse.
