3016 5310
173 397 242 461 200
656 414 733 450 ram
752 414 841 450 noran

178 483 337 503 εἰπ-
337 485 343 490 “
358 484 417 503 2¹:
432 485 636 503 .“.“ἱ“.“,
552 497 572 502 -.
586 497 634 503 -..μ
654 486 683 502 ἴ..
874 486 941 503 '32¹-
962 487 990 503 .-
993 486 1057 505 ““--
1111 487 1180 505 .’.““””Τ
1199 488 1305 508 .¹.¹—..

285 607 417 691 Infelix,
440 617 472 672 et
496 630 593 672 saeva
616 607 705 673 ferae
728 631 811 694 quae
834 608 902 673 fata
926 609 1071 696 parabat,

200 735 250 780 aa.
284 714 448 801 Expertus
472 715 564 798 iaeet7
588 725 683 800 atque
707 715 850 779 animam
874 717 976 780 vomit
1000 738 1055 781 ore
1078 729 1223 783 eruente.

284 820 479 907 Cornuaque
502 820 652 906 imbellis,
676 845 741 886 non
765 821 834 886 fata
857 822 899 886 ad
923 823 1010 907 talia
1036 825 1136 903 cervi,

283 928 429 993 Naturae
452 927 614 993 fabricata
637 951 745 1013 manu,
768 929 904 994 vinxere
927 940 1075 996 ruentem

284 1035 324 1099 In
348 1034 502 1121 praedam
526 1046 722 1119 venatorem,
746 1047 951 1123 tractumque
974 1059 1031 1124 per
1054 1060 1137 1104 arva

284 1141 436 1206 Fundere
459 1143 651 1227 examinem,
674 1142 853 1207 laceratum
878 1166 1012 1230 corpore
1035 1154 1111 1210 toto,

375 1247 475 1313 Plena
498 1249 579 1314 haee
602 1250 753 1337 ancipitis
778 1251 804 1314 si
829 1251 881 1315 eui
906 1261 982 1315 sunt
1005 1252 1077 1316 visa
1100 1252 1224 1339 pericli,
1276 1328 1279 1335 ,

287 1355 391 1443 Seque
414 1355 514 1421 abdat
537 1358 640 1441 tentis,
663 1358 740 1421 teeti
765 1357 938 1422 metuenda
961 1358 1058 1422 ruina
1080 1370 1129 1423 est

286 1463 392 1527 Annis
416 1464 573 1550 corrupti3
596 1486 682 1528 nova
705 1486 766 1528 nee
790 1465 893 1549 magis
917 1466 1001 1528 atria
1023 1466 1197 1552 quisquam

284 1570 369 1634 Tuta
392 1579 490 1656 putet,
513 1568 659 1634 recolens
682 1569 876 1658 exemplum,
899 1573 1042 1637 maxime
1065 1594 1179 1637 caesar

285 1677 486 1763 Ioviniane¹‚
509 1688 614 1757 tuum3
638 1700 735 1763 quem
759 1678 847 1742 sieea
869 1676 958 1742 haud
982 1677 1106 1743 solibus
1131 1678 1208 1744 ullis

244 1835 251 1848 .
286 1784 389 1871 Regia
414 1784 542 1849 funesto
565 1806 667 1871 grave
691 1783 807 1848 olentis
831 1783 932 1849 ealeis
955 1786 1054 1851 odere

286 1891 463 1976 Exstinxit,
487 1892 635 1978 tristique
643 1892 664 1976 ²,
687 1893 813 1956 insueto
837 1890 951 1957 funere
975 1894 1096 1957 mersit.

373 1999 462 2083 Ergo
485 1998 598 2062 domos
621 1998 791 2085 linquam?
815 2000 953 2085 vestigia
976 2001 1082 2087 prima
1107 2000 1264 2067 ferentem

286 2106 390 2170 Ereta
413 2105 453 2170 de
477 2106 612 2169 summis
636 2105 799 2191 iugulabit
823 2107 937 2170 stiria⁸
960 2109 1064 2191 tectis,

286 2211 451 2298 Tegulave
476 2211 648 2277 obtruncet
670 2213 797 2277 deieeta
821 2212 1004 2278 furentibus
1028 2215 1159 2280 austris.

245 2371 251 2382 .
286 2318 427 2403 Seilieet,
451 2320 485 2383 in
510 2319 633 2383 medios
657 2321 684 2382 si
709 2321 762 2385 eui
786 2320 960 2407 procedere
985 2344 1117 2409 eampm

287 2425 366 2510 Stat,
391 2425 581 2490 formidatas
606 2426 726 2513 cupido
749 2427 853 2492 vitare
876 2428 989 2491 ruinas

287 2532 470 2618 Tectorum,
493 2533 610 2598 dubios
635 2556 730 2598 easus
754 2534 901 2620 maleque
925 2535 1008 2599 atria
1032 2545 1129 2619 sarta,

288 2639 473 2728 Aeschylus
496 2640 584 2704 hune
608 2652 731 2704 maesto
755 2641 888 2705 terrebit
912 2641 1026 2705 funere
1049 2652 1188 2706 euntem.

286 2748 353 2827 Qui
376 2758 522 2811 metuens
546 2769 583 2811 ea
609 2746 684 2825 fata,
709 2749 776 2811 suis
801 2772 834 2812 se
859 2747 991 2812 eredere
1014 2749 1108 2812 teetis

245 2906 251 2918 .
289 2853 386 2918 Haud
412 2877 519 2937 ausus,
544 2855 668 2940 eampis
694 2854 806 2919 urbem
830 2856 970 2918 mutavit
994 2856 1128 2940 aperti83

287 2963 332 3024 At
355 2961 439 3025 male
463 2961 578 3045 securi,
603 2960 689 3025 celsa
714 2962 801 3025 lovis
826 2961 893 3026 ales
917 2961 958 3025 ab
983 2960 1104 3046 aethra,

286 3069 428 3132 Vertieis
455 3078 489 3131 ut
513 3067 600 3132 ealvi
625 3068 796 3155 splendore
820 3068 912 3133 elusa
934 3080 1046 3155 poetae
1070 3080 1128 3153 est,

286 3176 375 3239 Dum
400 3175 555 3260 praedam
581 3185 690 3260 captat
713 3175 875 3261 praeduro
899 3174 1024 3239 illidere
1049 3198 1129 3239 saxo
1153 3215 1197 3222 —-

286 3281 413 3346 Praeda
437 3281 500 3345 fuit
523 3282 722 3348 testudo-z
748 3293 845 3369 eaput
870 3281 1043 3346 testudinis
1066 3283 1135 3347 ietu

184 3413 252 3455 110.
287 3391 447 3455 Verberat
471 3413 512 3453 ex
535 3388 601 3453 alte
625 3389 773 3476 fuditque
797 3413 854 3477 per
878 3412 959 3453 arva
982 3389 1177 3453 eerebrum.⁴

287 3498 384 3562 Mors.
408 3519 602 3584 quoeunque
625 3496 741 3582 pedem
766 3498 910 3579 ferimus,
934 3497 1108 3560 comitatur
1132 3506 1254 3579 euntes,

288 3607 394 3692 Atque
418 3605 482 3669 loei
506 3614 612 3667 tutum
635 3603 716 3667 nihil
741 3603 897 3667 insidiosa
921 3601 1083 3688 relinquit.

284 3846 370 3895 1Ῐκόιι
390 3846 537 3906 leviniam,
565 3846 610 3895 aad
640 3846 750 3895 loviano
780 3852 836 3894 erat
866 3860 962 3894 nomen
991 3844 1053 3893 huie
1080 3842 1194 3904 eueaari,
1213 3841 1258 3907 qui
1277 3853 1313 3889 aa

175 3933 319 3987 363-364
340 3934 463 3999 regnarit
488 3934 523 3984 33
549 3950 632 3983 annos
658 3941 745 3983 natus.
777 3933 908 3998 (Eutropii
928 3933 1046 3982 Breviar.
1077 3933 1110 3986 X,
1139 3930 1156 3982 9
1188 3929 1315 3980 Ammian.

177 4002 299 4074 Marcell.
320 4023 362 4077 25.
384 4022 417 4074 10
436 4032 502 4087 sqq.)

287 4110 385 4162 ’Edit
406 4113 513 4162 exhibet
537 4114 703 4162 mendosum:
732 4112 871 4176 „tristique
899 4127 930 4161 ae
958 4111 1089 4159 insueto“.
1117 4108 1188 4172 quod
1208 4109 1253 4158 vix
1271 4102 1317 4173 ipsi

179 4203 280 4267 Royzio
298 4203 424 4267 imputari
445 4209 538 4265 potest.

289 4290 399 4355 “sopla

286 4380 297 4407 ⁴
318 4381 448 4429 Fabulam
469 4381 537 4430 hanc
557 4388 668 4430 narrant
691 4381 777 4429 l'uler.
800 4381 869 4428 llax.
893 4379 937 4429 lx.
959 4376 1007 4439 l?.;
1028 4377 1096 4426 l'lin.
1115 4378 1145 4425 N.
1162 4377 1186 4425 h.
1208 4377 1241 4436 X,
1261 4374 1317 4425 30l

179 4470 280 4535 passim
298 4470 388 4536 gruem
408 4477 538 4520 auctores.
