3016 5310
511 468 617 508 urruns
636 470 696 506 nris.
716 470 744 507 in
762 470 841 508 enirn
860 464 990 507 eiurari.
1277 440 1320 518 95

207 544 226 550 ..
254 544 260 549 .
622 541 814 548 .—--—

180 555 402 562 ———
435 555 466 560 ...
481 554 542 561 -ω
558 555 668 561 -—.
683 552 872 561 a-..—..-—.—
893 554 1024 561 --—....-.
1049 554 1203 561 —...-—-..
1236 553 1319 560 ——--

200 690 250 731 ιο.
281 666 372 731 Furti
396 666 510 730 adiens
534 666 651 751 annno,
674 664 756 729 nihil
779 665 1014 752 imperterritus
1038 687 1123 729 unus

284 773 496 858 Formidavit,
520 782 589 837 erat
613 774 639 836 si
664 771 869 837 formidabile
892 773 1080 860 quiequam,

282 882 369 945 Ante
388 880 499 945 oeulos
521 879 670 946 Christus
695 902 821 965 semper
842 878 997 966 largeque
1018 880 1171 965 profusus

282 989 346 1051 Pro
370 986 463 1052 nobis
487 988 621 1071 sanguis
645 996 676 1050 et
699 1008 785 1050 mers
809 987 941 1050 infamis
964 987 998 1049 in
1022 985 1105 1050 alne.

372 1094 511 1178 Amisso,
535 1092 660 1178 infelix,
683 1091 848 1177 Gamrate,
872 1091 1029 1178 Sarmata,
1052 1092 1136 1179 luge.

202 1222 249 1265 re.
279 1201 381 1264 Tetus
403 1201 438 1263 in
461 1199 531 1283 hee,
555 1199 683 1266 Christo
708 1209 743 1262 ut
765 1199 869 1263 fidens
892 1200 1045 1286 Patrique
1068 1200 1218 1285 plaeeret,

282 1308 418 1372 Auetori
443 1329 550 1371 rerum
575 1329 714 1386 summe,
738 1306 829 1371 labor
851 1305 940 1370 illius
964 1330 1056 1391 unus,

284 1414 329 1477 Ut
352 1414 438 1477 iusta
461 1414 596 1500 populus
620 1415 653 1477 in
678 1414 833 1499 religione
855 1424 986 1478 teneret.

371 1522 511 1605 Amisso,
535 1521 659 1605 infelix,
683 1520 848 1606 GamratO,
872 1521 1029 1604 Sarmata,
1052 1518 1136 1605 luge.

282 1628 428 1692 Abstulit
451 1627 539 1692 hune
562 1629 695 1714 inopina
718 1628 802 1691 male
825 1650 912 1691 mors
935 1627 1047 1691 inuida
1070 1626 1190 1691 morbo,

203 1759 249 1799 50.
280 1735 811 1816 Nilmedicaevaluere1nanus3
835 1735 882 1799 nil
906 1757 980 1800 uere
1004 1734 1140 1799 Sabinil

283 1844 465 1927 Ingenium,
488 1844 582 1907 toties
606 1843 661 1930 qui
685 1854 787 1906 morte
811 1842 941 1906 reduxit
965 1842 1005 1905 ab
1029 1863 1127 1927 aegra

282 1950 344 2013 Tot
367 1949 595 2014 eelluetantem
620 1950 749 2031 morbis,
773 1951 837 2012 iam
862 1950 990 2034 iamque
1013 1947 1192 2012 uadentem.

284 2056 367 2141 Heu,
391 2078 467 2121 eum
491 2057 559 2120 fata
581 2067 708 2141 voeant,
733 2058 854 2120 frustra
878 2055 1039 2120 medieina
1062 2054 1200 2120 laborat!

371 2165 511 2248 Amissa,
535 2163 659 2248 infelix,
683 2163 847 2247 Gamrute,
872 2163 1028 2247 Sarmata,
1051 2161 1135 2248 luge.

202 2293 248 2335 ta.
280 2271 349 2334 Vos
372 2293 473 2357 reges,
498 2293 634 2357 quorum
658 2270 793 2357 populos
817 2272 935 2356 pietate
958 2269 1101 2334 verenda

283 2377 422 2461 Erudiit,
446 2379 568 2442 sanetis
591 2377 799 2464 praefulgens
822 2376 966 2441 moribus
989 2388 1086 2463 atque

283 2484 442 2571 Exemplo
464 2485 552 2548 vitae
575 2485 704 2570 insigni,
728 2523 771 2531 —
796 2507 895 2571 supra
917 2486 1026 2548 emnia
1049 2507 1176 2570 semper

282 2591 436 2655 Humana
459 2602 595 2677 erectus,
620 2631 660 2639 -
685 2592 811 2656 eaelum
835 2594 1026 2655 monstravit
1049 2603 1080 2656 et
1104 2600 1200 2675 astra,

282 2700 407 2785 Lugete
430 2700 636 2764 exstinctum.
660 2699 739 2783 Tua,
763 2721 822 2762 rex
845 2698 1027 2783 Sismunde,
1052 2709 1182 2763 seneeta

203 2828 248 2869 ee.
280 2805 405 2872 Sentiat
428 2808 548 2870 amissa
570 2817 734 2870 extremae
758 2805 878 2869 sulaeiu
902 2808 996 2871 vitae.

281 2914 423 3000 Tempus
446 2914 507 2977 erit
530 2912 702 3000 quendam,
726 2912 786 2976 tibi
809 2936 883 2977 euin
908 2913 1034 2999 lugebis
1056 2913 1252 2999 ademptum,

282 3020 353 3084 Rex
377 3021 534 3106 Auguste.
557 3021 663 3083 Nimis
687 3021 894 3106 surgentibus
918 3020 1007 3084 utilis
1030 3021 1124 3084 annis

282 3126 343 3192 Ille
366 3127 437 3212 fuit,
460 3128 525 3214 qui,
548 3127 693 3192 eensiliis
716 3126 953 3214 pulcherrimus
977 3138 1097 3209 aueter,

281 3234 431 3299 Rexisset
454 3245 562 3299 teeum
586 3234 721 3321 pupulus
744 3246 776 3299 et
800 3237 888 3320 regia
911 3245 1047 3321 seeptra.

368 3343 508 3426 Amisso,
532 3341 658 3425 infelix,
681 3340 846 3426 Gamrate,
870 3341 1027 3426 Sarmata,
1051 3341 1134 3427 luge.

282 3448 483 3533 Extremum,
508 3449 629 3533 regina,
652 3459 707 3512 tue
731 3448 910 3534 praestabis
933 3448 1085 3514 honorem

282 3554 446 3641 Gamrnte,
471 3556 571 3641 Bona,
595 3555 801 3621 Stbreiadum
824 3579 941 3641 genus,
965 3578 1049 3619 unus
1073 3556 1174 3618 amari

281 3661 412 3748 Dignus
435 3673 513 3746 erat,
537 3663 689 3746 lacrimis,
714 3685 863 3748 supreme
887 3673 918 3727 et
941 3663 1060 3746 dignus
1083 3659 1211 3724 honere.

282 3769 390 3833 Unam
415 3782 445 3833 te
469 3781 543 3833 ante
567 3793 678 3833 omnes
702 3770 810 3855 eeluit,
839 3780 933 3856 teque
955 3767 1106 3833 omnibus
1130 3789 1228 3830 unani

203 3896 247 3939 ro.
277 3876 445 3959 Praetulit,
468 3888 611 3942 extreme
637 3887 668 3941 et
692 3876 828 3961 dignum
852 3876 969 3941 sebee
992 3897 1125 3940 munere
1150 3872 1235 3937 feeit.

370 3984 510 4067 Amissa,
533 3983 657 4068 infelix,
681 3983 846 4069 Gamrat0,
871 3983 1027 4068 Sarmata,
1051 3982 1135 4067 luge.

281 4089 474 4156 Gamratum
498 4092 654 4154 amissum
678 4113 826 4176 praeeras
849 4091 957 4175 lugete
979 4089 1102 4154 Peloni.

281 4198 516 4263 Ornamentum
541 4199 656 4283 ingens
680 4200 803 4284 patriae
827 4199 980 4261 amisistis
1004 4196 1121 4262 acerba

282 4454 385 4507 ¹(lons¹
418 4457 505 4508 curm.
537 4458 659 4522 minem
695 4455 729 4507 ad
767 4456 857 4507 Pelen.
895 4462 1049 4507 senatores:
1087 4455 1127 4506 nd
1157 4457 1316 4509 Gamratnm

182 4559 255 4598 earm.
276 4549 300 4596 3.
