3016 5310
187 421 253 487 238
663 438 739 472 rrum
760 438 856 473 surm.

188 511 300 531 *ΤΞ-
321 510 325 515 “
339 521 381 527 ...-
400 520 445 526 ---
469 519 611 528 -—-.--
812 521 1132 528 .——..-.--.—....-
1183 522 1218 527 —-
1234 521 1330 529 -—-—.

294 633 422 712 Qucm¹
445 633 556 719 nequit
579 644 716 719 epotare,
740 642 772 696 et
794 656 858 718 quo
882 656 916 697 se
940 632 1055 697 liberet
1079 642 1162 708 astu,

294 741 448 805 Nesciat2
472 739 600 803 infelix:
624 749 670 803 tot
694 750 805 804 contre
831 738 964 823 lumine,
987 750 1100 803 contra

192 870 258 912 iss.
294 848 354 911 Tot
378 846 495 931 vigiles
519 846 604 910 oculi
628 857 660 911 et
683 868 746 909 non
772 847 902 910 conscie
926 868 1059 932 parcere
1082 845 1196 932 pubes.

295 957 397 1039 Saepe
421 953 493 1017 eliis
517 952 627 1017 oeulos
652 952 715 1016 ulio
738 952 944 1017 volventibus
967 975 1080 1016 umens

294 1060 387 1126 Clam
410 1061 488 1124 dare
510 1061 647 1123 tentavit
671 1059 806 1140 fumulo;
831 1083 926 1146 saepe
949 1058 1003 1123 ille
1026 1059 1143 1123 retexit

296 1168 491 1233 Frauduntis
514 1167 673 1250 dextram,
697 1189 792 1253 saepe
817 1166 901 1231 ultro
925 1166 1067 1254 prodidit
1090 1166 1211 1231 audax.

295 1276 406 1340 Mensa
431 1274 517 1339 idem
542 1273 653 1338 subter
677 1273 800 1357 furtim,
824 1275 850 1336 si
875 1273 1074 1338 abscondere
1099 1275 1212 1360 possit.

294 1381 434 1455 Molitus,
457 1383 558 1446 risum
583 1380 761 1467 deprensus
785 1381 887 1444 movit
911 1391 942 1444 et
966 1380 1009 1444 ud
1033 1404 1067 1444 se

294 1489 425 1554 Cretera
450 1487 563 1552 irrisus
586 1488 699 1561 traxit;
724 1486 896 1551 violentius
919 1488 1042 1551 instant

294 1597 388 1660 Tunc
411 1618 530 1678 omnes,
554 1594 654 1679 bibet,
677 1603 709 1659 et
732 1593 866 1679 longum
890 1594 983 1658 finire
1006 1593 1151 1659 laborem

292 1703 428 1788 Cogitet.
456 1701 517 1766 Illo
540 1725 661 1786 omens,
685 1702 784 1764 enimi
809 1700 968 1784 turbatus,
992 1712 1028 1765 ut
1051 1701 1168 1787 ingens

296 1811 366 1875 Hoc
390 1832 472 1874 onus
495 1833 513 1872 u
538 1832 607 1873 sese
631 1807 763 1873 tandem
787 1807 953 1894 propellat,
977 1808 1098 1894 iniquis

251 1968 257 1979 .
295 1916 474 1980 Heustibus
498 1914 693 1999 accelerans,
716 1925 783 1979 toto
807 1938 876 1978 sese
899 1916 1014 1999 irrigat
1038 1937 1126 1979 auro.

383 2022 472 2087 Haec
498 2021 576 2086 dum
600 2021 729 2085 diversa
754 2045 885 2085 mensae
908 2021 974 2085 fors
998 2033 1089 2107 perte
1112 2032 1277 2106 geruntur,

297 2131 420 2193 Furtim
443 2128 526 2194 elius
551 2151 620 2192 sese
643 2129 761 2192 tucitus
786 2128 938 2193 subducit
962 2140 992 2192 et
1016 2127 1133 2212 aufert,

293 2238 362 2300 Nee
386 2238 519 2300 sufferre
544 2240 668 2321 potest³
691 2234 807 2315 longae
831 2235 963 2299 tiistidia
986 2258 1117 2299 mensae

294 2343 477 2428 Poculuque
501 2343 602 2406 invite
628 2343 721 2406 toties
746 2343 909 2406 venientia
934 2341 1057 2406 dextro.

250 2500 257 2513 .
293 2449 430 2513 Mictunr
453 2448 536 2512 elius
561 2449 654 2530 fingit
678 2470 747 2512 sese
770 2471 941 2534 properare
967 2448 1122 2534 fugitque,

293 2559 381 2620 Dum
406 2557 502 2619 sentit
526 2557 658 2619 iamiam
682 2554 854 2620 furientem
880 2578 1002 2619 summe
1028 2557 1179 2643 Lyaeum

293 2665 335 2727 Et
359 2663 457 2750 pudet
481 2664 515 2725 in
539 2673 628 2725 tuntu
653 2685 783 2725 mensue
807 2663 1017 2727 succumbere
1041 2662 1148 2727 turbu.

293 2771 363 2834 Mos
387 2781 469 2833 totos
493 2781 603 2855 poturo
627 2769 705 2833 dies.
729 2782 760 2833 et
784 2780 927 2854 tempore
952 2770 1075 2832 somni4

294 2879 442 2962 Iungere.
466 2900 525 2940 nee
549 2876 639 2940 cellis
663 2878 805 2961 requiem
829 2876 908 2940 dure
931 2899 1057 2962 semper
1080 2878 1209 2962 apertis.

384 2985 579 3048 Humentern
603 2985 697 3048 terris
722 2984 833 3048 obiens
858 2983 904 3046 soi
928 2983 1071 3047 reddidit
1094 2983 1253 3069 umbram,

291 3091 373 3157 Cum
399 3102 530 3156 ventum
555 3091 596 3154 ed
621 3114 748 3154 mensus
773 3102 843 3177 post
867 3090 983 3178 pocula
1006 3089 1094 3154 mille
1118 3089 1287 3173 secundas,

293 3199 413 3285 Epotos
437 3211 507 3284 post
530 3198 618 3262 mille
643 3198 750 3281 cados,
775 3209 845 3283 post
870 3220 972 3284 puene
995 3197 1125 3262 relictus

292 3305 478 3369 Exhaustus
502 3305 609 3371 cellas.
640 3305 702 3369 Tot
725 3306 844 3390 sputis
870 3305 1012 3390 undique
1035 3305 1124 3369 vasis

292 3411 394 3496 Felix,
418 3436 513 3498 quem
536 3436 667 3476 mensae
690 3413 850 3476 invictum
876 3412 986 3477 videre
1010 3410 1173 3476 secundae

187 3539 255 3582 too.
291 3520 500 3584 Constantem
524 3519 660 3604 [rudibus
686 3518 867 3583 volvendee
891 3532 922 3583 et
946 3541 1079 3583 munere
1102 3517 1243 3603 linguae,

289 3627 358 3690 Nec
383 3625 646 3689 succumbentem
671 3625 796 3690 boccho
820 3627 1007 3710 circumque
1031 3624 1188 3689 ferentem

290 3733 434 3797 incertos
458 3732 568 3796 oculos
592 3744 743 3818 ortusque
767 3745 863 3818 utque
887 3756 939 3797 oro
965 3742 1164 3797 trementem.

290 3840 470 3904 Instuururi
495 3841 610 3904 iterum
635 3863 763 3903 mensus
787 3851 818 3904 et
843 3841 921 3903 vius
944 3839 1056 3924 reponi

292 3947 359 4010 Nec
385 3948 469 4010 vinis
494 3948 581 4032 perci
608 3946 770 4029 regalibus
796 3948 930 4031 imperet
955 3945 1079 4031 hospes.

249 4104 255 4117 .
291 4056 434 4140 Apparet
459 4056 577 4118 mensis
603 4078 694 4119 rurus
719 4055 860 4119 convive
887 4052 1051 4134 secundis,

295 4235 300 4261 ¹
324 4235 384 4282 usti
407 4239 533 4295 „Qiuun‘.

294 4323 303 4350 '·'
323 4325 368 4373 sie.

293 4412 302 4439 ²³
323 4415 427 4463 Melini:
451 4415 534 4472 „Nam
555 4415 663 4463 sufferre
684 4415 801 4477 nequit“.

292 4503 301 4530 ⁴
323 4504 399 4553 (forn.
422 4504 562 4559 momnis&
583 4519 656 4554 narr.
680 4505 806 4562 „somni“.
