3016 5310
160 661 250 726 Fatis
273 661 411 748 eripiant
435 671 470 725 ut
494 672 525 726 te
548 660 744 737 infelicibus
768 683 879 725 omnes

161 768 316 834 Certatim
340 768 450 832 bibere
474 780 569 853 atque
594 768 735 856 scyphos
759 769 848 832 iuvat
873 767 919 832 ire
944 767 1004 832 sub
1027 769 1117 852 imos

160 874 250 939 Mille
274 874 350 939 licet
372 897 484 938 mensu
508 879 669 937 fumantes
691 873 835 939 hauserit
859 875 915 938 ille

61 1003 124 1046 105.
160 981 306 1067 Quisque
330 980 437 1063 cados,
461 980 552 1065 largo
574 991 606 1044 et
630 991 716 1044 totus
739 992 826 1045 natet
851 981 994 1067 undique
1018 980 1150 1045 baceho,

160 1088 228 1153 Neo
252 1099 283 1152 te
307 1087 383 1151 olim
407 1089 552 1169 nimium,
576 1111 594 1149 o
618 1089 754 1151 nimium
779 1087 898 1152 dilecta
921 1088 1056 1174 parenti⁷

160 1195 377 1279 Praetereunt,
403 1195 595 1280 Heduigisl,
618 1195 695 1259 abes
718 1217 915 1281 quamquam
936 1193 1076 1279 orbequc
1099 1192 1195 1279 longe

160 1300 255 1365 Vivis
278 1303 449 1379 teutonico,
474 1314 548 1366 ante
573 1300 653 1365 alias
676 1301 893 1387 pulcherrima
918 1312 1046 1384 matres

161 1407 294 1474 Summo
317 1410 429 1472 iuncta
452 1409 530 1492 viru
556 1409 649 1472 cuius
673 1408 827 1490 suffragia
852 1429 964 1472 caesar

62 1534 123 1576 110.
160 1513 315 1600 Implorat
338 1515 502 1601 quondam
527 1538 634 1578 rerum
658 1525 846 1600 sumpturus
870 1513 1022 1577 habenas.

160 1621 240 1685 Tres
262 1620 339 1686 hinc
363 1633 520 1705 augustae
545 1621 723 1686 succedunt
748 1621 864 1685 deiude
887 1619 1014 1707 puellae

158 1727 295 1793 Caesare
318 1751 463 1815 quaeque
488 1753 545 1793 suo
569 1728 688 1814 dignae
719 1742 749 1793 et
774 1729 852 1793 love
875 1750 1022 1814 quaeque
1045 1725 1181 1790 marito²

248 1837 324 1900 Post
348 1836 403 1900 ubi
429 1838 492 1900 iam
515 1859 607 1922 reges
630 1859 808 1921 regumque
832 1857 970 1921 superna
994 1855 1135 1921 propago

160 1940 305 2029 Quisque
328 1942 430 2008 tulere
454 1967 538 2026 suos,
561 1966 641 2030 quos
666 1966 778 2006 mensa
801 1942 925 2025 indicit,
949 1941 1095 2025 honores,

60 2070 124 2113 115.
159 2048 304 2136 Hospitis
327 2061 375 2115 est
399 2050 587 2115 redimenda
611 2049 707 2134 salus,
730 2050 926 2135 longumque
950 2047 1128 2113 bibendum

159 2156 253 2220 Illius
277 2157 316 2221 ob
340 2159 450 2231 vitam
474 2169 506 2222 et
529 2157 644 2222 cellam
668 2157 840 2221 exhaurire
864 2177 997 2220 necesse
1020 2164 1077 2219 est.

159 2263 230 2328 Nee
253 2265 360 2328 minus
384 2266 515 2341 interea,
540 2266 566 2327 si
590 2287 670 2351 quos
695 2266 765 2328 sitis
789 2262 881 2326 arida
904 2261 1009 2345 findit,

159 2371 323 2436 Exercent
347 2371 427 2435 alios
451 2371 579 2460 cyathis
602 2372 768 2456 multoque
793 2368 895 2458 lyaeo.

160 2476 259 2562 Quos,
283 2479 393 2542 sitiant
416 2489 472 2542 aut
496 2500 569 2562 non,
592 2488 676 2542 totas
699 2477 827 2541 haurire
851 2476 1004 2560 lagoenas

58 2606 123 2649 rao.
160 2583 219 2648 Est
242 2607 331 2670 opus,
355 2596 386 2648 et
408 2583 500 2668 largo
523 2584 587 2648 late
611 2608 644 2648 se
667 2586 858 2669 immergere
882 2581 1016 2665 baccho,

160 2689 367 2776 Alteriusque
391 2691 477 2754 sitim
501 2693 632 2778 propria
655 2690 815 2777 depellere
839 2688 963 2753 dextra.

158 2798 231 2861 Non
256 2809 365 2883 potare
389 2799 507 2861 etenim
532 2800 651 2862 sitienti
677 2799 799 2861 crimen
824 2797 938 2859 amico.

249 2904 277 2970 Ο
300 2905 442 2969 miseros.
467 2907 583 2969 iterum
607 2905 749 2988 miseros,
773 2927 791 2966 o
815 2903 931 2966 mentis
955 2923 1082 2987 egenos,

158 3010 248 3090 Quos
273 3010 378 3075 aliena
402 3013 472 3074 sitis
496 3033 666 3075 numerosa
693 3010 734 3072 ad
759 3008 875 3095 pocula
899 3009 999 3092 cogit3

55 3140 122 3183 125.
159 3115 310 3183 Oduras
334 3141 464 3183 mensae
487 3119 574 3204 leges
598 3139 782 3203 moremque
805 3117 987 3181 nocentem!

159 3225 204 3288 Di
228 3225 359 3309 faciant,
383 3227 508 3289 utinam
532 3225 674 3289 faciant8
697 3223 904 3288 volventibus
928 3221 1031 3305 annis,

159 3331 269 3396 Exuet
291 3331 379 3397 hunc
402 3331 481 3396 olim
503 3355 656 3419 generosa
682 3331 816 3395 Polonia
839 3351 970 3412 morem,

158 3438 248 3502 Dum
272 3461 341 3503 sese
365 3439 481 3503 studiis
505 3451 657 3503 exercent
680 3437 799 3502 talibus
823 3459 934 3500 omnes

160 3545 395 3632 Alternumque
419 3548 508 3610 vices
532 3546 665 3631 longum
688 3558 719 3609 et
743 3544 812 3608 sine
835 3544 899 3606 fine
922 3539 1072 3605 bibendo

53 3674 121 3718 rso.
246 3650 404 3718 Obruitur
428 3652 556 3741 cyathis
581 3651 673 3736 alius,
697 3652 750 3717 cui
775 3649 914 3736 plurima
938 3658 1052 3712 eontra

157 3759 288 3845 Pocula,
313 3784 394 3846 quae
418 3759 528 3823 multis
552 3759 718 3824 cunctanti
743 3756 878 3821 vocibus
903 3756 1036 3833 instaut3

157 3865 284 3930 Dextra
308 3866 390 3930 alius
414 3876 499 3930 tenet
523 3867 687 3949 ingentem
714 3874 838 3929 cratera
862 3860 1022 3943 trementi,

48 4171 146 4227 nando,
165 4185 275 4218 romano
295 4185 365 4234 roge,
385 4169 455 4218 inter
474 4184 514 4217 aa.
539 4165 606 4218 leto
620 4174 646 4215 ot
666 4163 735 4216 loli)
754 4165 845 4229 gestis.
867 4163 941 4212 (lons.
963 4159 1077 4224 szujski,
1097 4157 1192 4222 Daieje

50 4258 140 4309 Polski
160 4259 195 4320 ΙΙ,
215 4258 304 4307 Lwdw
325 4257 401 4317 1862,
422 4275 464 4322 pg.
485 4255 538 4307 234
557 4274 593 4320 sq.

158 4346 168 4376 ¹
187 4348 261 4397 Cous.
282 4348 360 4396 huius
380 4348 477 4396 volum.
498 4362 578 4396 earm.
602 4343 640 4394 ll.
662 4360 685 4392 v.
706 4341 740 4393 72
760 4342 820 4390 adn.

157 4433 168 4464 ²
187 4437 262 4486 Conf.
283 4436 360 4486 huius
382 4437 477 4484 volum.
498 4451 578 4485 earm.
601 4432 632 4484 ll
653 4449 695 4481 vv.
717 4429 750 4482 ll
769 4447 826 4495 sqq.

158 4526 236 4575 'Ma
257 4542 327 4577 corn.
350 4526 492 4589 „sacieut·.
517 4539 591 4573 navr.
613 4522 758 4585 „laciant*.
