2948 5302
551 452 724 487 nasrrscssr.
1141 437 1206 501 307

129 531 384 539 —-.-—-.-
422 534 425 537 -
471 534 507 540 ,..
548 536 576 540 --
631 536 671 540 1..
735 536 764 541 *1
782 537 823 541 ....
868 535 878 539 -
984 534 1056 540 ..1--.
1073 535 1161 542 ...-

173 643 292 709 Vestra
315 644 434 730 quibus
457 643 609 729 frangam
633 656 765 710 nostrae
788 645 942 710 insidiata
965 645 1067 731 quieti

172 751 332 835 Discidia
356 750 500 815 arbitriis
524 774 565 815 ne
589 752 639 815 vis
663 752 855 817 submittere
879 763 1006 817 nostros

132 908 141 920 .
172 857 302 922 Audeat
327 857 394 921 ulla
417 858 485 920 suis
510 859 610 941 cives,
634 858 789 943 durisque
812 858 928 944 fatiget

174 964 334 1048 Servitiis,
358 962 403 1027 nil
427 989 496 1049 vos,
519 964 600 1028 nihil
624 965 684 1030 iste
708 988 769 1030 nec
793 964 856 1050 ille,
881 987 942 1031 nec
965 964 1051 1030 ullus

173 1071 346 1136 Moenibus
369 1072 404 1134 in
428 1072 556 1147 nostris.¹
581 1094 639 1136 rex
663 1082 695 1136 ct
719 1071 772 1137 lex
796 1074 905 1136 omnia
928 1075 1060 1159 possint.

263 1178 366 1243 Nubis
390 1200 478 1242 moro
503 1201 588 1243 novo
611 1178 804 1259 vivendum;
828 1190 937 1244 vestra
960 1179 1102 1245 facessat

172 1284 234 1349 Illa
257 1285 335 1348 olim
359 1284 441 1348 nulli
465 1297 613 1349 nostrum
637 1285 806 1350 toleranda
829 1286 988 1374 tyrannis.

126 1413 142 1455 1.
171 1392 264 1474 Quae
287 1415 347 1475 mc,
371 1416 516 1479 quaeque
540 1416 628 1458 meos
651 1392 711 1476 his,
734 1392 806 1475 hera
830 1415 930 1479 prope
946 1392 1088 1479 perdidit
1105 1394 1209 1478 annis,

174 1500 217 1564 Et
240 1499 357 1584 dignos
381 1524 438 1563 vos
463 1500 518 1562 vix
543 1522 606 1563 non
632 1500 747 1564 funere
770 1501 884 1564 mersit
907 1499 1033 1583 acerbe,

175 1606 353 1670 Infandum
377 1608 509 1670 meritos
533 1608 715 1671 cruciatum
739 1619 770 1671 ct
794 1607 900 1671 tristia
924 1606 1001 1689 fata,

174 1712 335 1799 Exemplo
359 1714 473 1777 essetis
496 1736 560 1798 quo
584 1715 712 1777 cunctis
736 1713 865 1778 civibus
890 1736 971 1776 aevo

175 1821 333 1904 Ventum,
357 1819 486 1883 discant
511 1830 545 1883 ut
568 1843 692 1885 morem
715 1821 848 1905 regibus
871 1820 949 1884 olim

125 1951 143 1992 1.
172 1927 445 2013 Principibusque
469 1928 537 1990 suis
560 1950 673 2012 gerere
697 1937 793 2013 atque
817 1948 986 2013 capessere
1009 1927 1111 1989 iussa:
1183 1982 1184 1987 ,

175 2033 280 2118 Iussa,
304 2033 396 2097 datas
421 2033 509 2118 leges
533 2056 709 2119 omnesque
733 2035 906 2127 aequantia
931 2035 1010 2116 iura,

174 2141 248 2205 Non
273 2140 375 2205 aliter.
399 2163 496 2226 quam
521 2163 603 2225 [luae
627 2150 703 2203 sunt
726 2140 852 2204 Divum
875 2139 995 2223 oracla,
1019 2149 1137 2215 tenere,

174 2247 320 2334 Esseque
343 2269 491 2310 suasores
514 2247 632 2334 populo
656 2257 870 2332 auctoresque
892 2245 1064 2311 tetrarchis

175 2354 217 2419 Et
240 2354 381 2418 dominis
405 2375 518 2441 parere
542 2354 619 2436 suis,
643 2354 896 2439 submittereque
919 2351 1005 2416 ultro

124 2485 142 2526 1.
174 2461 264 2526 Iusto
288 2459 373 2526 colla
395 2461 481 2547 iugo,
505 2462 675 2545 fascesque
699 2474 730 2524 ct
754 2471 883 2546 sceptra
907 2461 1023 2544 vereri,

176 2568 249 2633 Non
274 2579 330 2633 aut
353 2578 486 2655 pacatas
510 2567 595 2631 fictis
620 2569 804 2632 rumoribus
829 2568 926 2633 urbes

176 2676 216 2741 In
240 2698 333 2762 reges
357 2678 503 2739 animare
527 2699 610 2758 suos,
635 2677 787 2740 excireve
811 2675 937 2761 plebem

176 2784 357 2866 Incautam,
381 2806 537 2869 praeceps
560 2792 593 2846 et
616 2782 735 2869 vulgus
759 2783 800 2846 ad
824 2805 915 2845 arma
940 2804 1058 2846 vocare

177 2890 296 2957 Nescio
320 2915 383 2977 qua
408 2893 518 2976 ignota
543 2914 601 2977 pro
625 2889 774 2955 libertate
797 2911 938 2953 suorum.

123 3022 144 3064 1.
175 2999 264 3064 Dum
289 3000 412 3063 servire
436 2998 550 3063 volunt
572 2996 728 3084 populum
752 2997 815 3060 sibi
838 3006 870 3059 et
893 2997 1002 3058 onmia
1024 3005 1105 3058 nutu

177 3106 231 3171 Ire
255 3130 313 3170 suo
336 3106 471 3190 malunt.
494 3128 592 3191 quam
617 3106 738 3168 iustum
763 3125 939 3188 agnoscere
964 3124 1082 3187 regem.

178 3212 251 3293 Quo
274 3236 326 3277 me
350 3225 459 3277 vestra
483 3212 567 3276 malo
592 3213 742 3274 miseram
768 3210 902 3274 vesania
925 3231 1028 3295 nuper

179 3320 320 3404 afflixit
345 3320 446 3383 fundo
470 3332 501 3383 et
526 3321 582 3382 vix
607 3340 670 3382 11011
696 3317 813 3381 evertit
837 3316 878 3379 ab
902 3316 975 3379 ime.

122 3449 145 3491 s.
176 3428 315 3491 Damnis
340 3428 443 3491 edocti
471 3428 586 3490 vestris
611 3435 783 3509 nostroque
808 3421 937 3509 periclo,

179 3533 323 3600 Consilia
348 3536 380 3596 in
405 3533 521 3596 melius
546 3531 721 3617 prudentes
746 3542 854 3593 restra
879 3529 1007 3610 referte,

179 3641 217 3705 In
242 3664 352 3725 regem
376 3651 470 3725 atque.
496 3641 528 3702 in
554 3661 605 3702 me
628 3648 798 3724 peecatum
823 3636 988 3720 agnoscite
1013 3644 1166 3696 vestrum.

268 3749 410 3812 Mulceat
434 3747 520 3810 haud
545 3758 672 3809 vestras
696 3743 873 3809 sceleratus
896 3741 1054 3805 Achatius
1078 3762 1174 3804 aures

179 3855 336 3940 Cursum,
361 3857 510 3918 insanum
536 3864 632 3939 eaput
657 3850 737 3915 illud
763 3861 931 3934 menteque
956 3871 1093 3929 cassum,

121 3987 144 4027 o.
177 3963 236 4025 Est
259 3964 313 4047 qui
339 3962 486 4026 mendaci
512 3986 568 4023 vos
593 3984 691 4023 ausus
717 3958 824 4021 (licere
850 3978 954 4039 versu,

180 4070 293 4132 Vanus
317 4069 420 4150 honio,
447 4080 552 4153 patres
578 4069 707 4153 patriae.
733 4067 907 4127 Fateamur
931 4073 1062 4146 oportet,

180 4177 319 4239 Perdere
345 4178 370 4239 si
397 4177 530 4260 patriam
558 4176 667 4237 conari
693 4183 723 4236 et
748 4183 874 4234 vertero
898 4170 939 4230 ab
963 4169 1028 4229 imo

182 4409 187 4436 ¹
209 4409 338 4458 Aebutius
361 4409 469 4469 Cursus,
490 4406 673 4469 binrienburgi
688 4413 775 4466 natus,
795 4401 953 4452 secretarius
967 4399 1147 4459 dantiseanus,
1167 4397 1213 4461 qui

120 4499 195 4548 mina
214 4499 305 4561 Royzii
325 4497 358 4545 ad
378 4498 491 4561 priorem
511 4496 672 4560 legationem
693 4492 854 4557 pertinentia
867 4489 938 4538 edito
959 4487 1051 4536 libello
1066 4485 1211 4536 vellicavit.
